%YAML 1.1
%TAG !u! tag:unity3d.com,2011:
--- !u!1 &1729779277370716924
GameObject:
  m_ObjectHideFlags: 0
  m_CorrespondingSourceObject: {fileID: 0}
  m_PrefabInstance: {fileID: 0}
  m_PrefabAsset: {fileID: 0}
  serializedVersion: 6
  m_Component:
  - component: {fileID: 1729779277370716925}
  - component: {fileID: 1729779277370716922}
  - component: {fileID: 1729779277370716920}
  - component: {fileID: 1729779277370716923}
  m_Layer: 0
  m_Name: Doors
  m_TagString: Untagged
  m_Icon: {fileID: 0}
  m_NavMeshLayer: 0
  m_StaticEditorFlags: 4294967295
  m_IsActive: 1
--- !u!4 &1729779277370716925
Transform:
  m_ObjectHideFlags: 0
  m_CorrespondingSourceObject: {fileID: 0}
  m_PrefabInstance: {fileID: 0}
  m_PrefabAsset: {fileID: 0}
  m_GameObject: {fileID: 1729779277370716924}
  m_LocalRotation: {x: 0, y: 0, z: 0, w: 1}
  m_LocalPosition: {x: 0, y: 0, z: 0}
  m_LocalScale: {x: 1, y: 1, z: 1}
  m_Children:
  - {fileID: 1729779277867509752}
  - {fileID: 1729779278442784845}
  m_Father: {fileID: 1729779277582765627}
  m_RootOrder: 5
  m_LocalEulerAnglesHint: {x: 0, y: 0, z: 0}
--- !u!95 &1729779277370716922
Animator:
  serializedVersion: 3
  m_ObjectHideFlags: 0
  m_CorrespondingSourceObject: {fileID: 0}
  m_PrefabInstance: {fileID: 0}
  m_PrefabAsset: {fileID: 0}
  m_GameObject: {fileID: 1729779277370716924}
  m_Enabled: 1
  m_Avatar: {fileID: 0}
  m_Controller: {fileID: 9100000, guid: 41989ab7b2b50e94d9537b9f5754c49f, type: 2}
  m_CullingMode: 0
  m_UpdateMode: 0
  m_ApplyRootMotion: 0
  m_LinearVelocityBlending: 0
  m_WarningMessage: 
  m_HasTransformHierarchy: 1
  m_AllowConstantClipSamplingOptimization: 1
  m_KeepAnimatorControllerStateOnDisable: 0
--- !u!114 &1729779277370716920
MonoBehaviour:
  m_ObjectHideFlags: 0
  m_CorrespondingSourceObject: {fileID: 0}
  m_PrefabInstance: {fileID: 0}
  m_PrefabAsset: {fileID: 0}
  m_GameObject: {fileID: 1729779277370716924}
  m_Enabled: 1
  m_EditorHideFlags: 0
  m_Script: {fileID: 11500000, guid: aa584fbee541324448dd18d8409c7a41, type: 3}
  m_Name: 
  m_EditorClassIdentifier: 
  ObservedComponentsFoldoutOpen: 1
  Group: 0
  prefixField: -1
  Synchronization: 3
  OwnershipTransfer: 0
  ObservedComponents:
  - {fileID: 1729779277370716923}
  viewIdField: 0
  InstantiationId: 0
  isRuntimeInstantiated: 0
--- !u!114 &1729779277370716923
MonoBehaviour:
  m_ObjectHideFlags: 0
  m_CorrespondingSourceObject: {fileID: 0}
  m_PrefabInstance: {fileID: 0}
  m_PrefabAsset: {fileID: 0}
  m_GameObject: {fileID: 1729779277370716924}
  m_Enabled: 1
  m_EditorHideFlags: 0
  m_Script: {fileID: 11500000, guid: 9b8c4a61274f60b4ea5fb4299cfdbf14, type: 3}
  m_Name: 
  m_EditorClassIdentifier: 
  ShowLayerWeightsInspector: 1
  ShowParameterInspector: 1
  m_SynchronizeParameters:
  - Type: 9
    SynchronizeType: 1
    Name: OpenDoors
  - Type: 9
    SynchronizeType: 0
    Name: CloseDoors
  m_SynchronizeLayers:
  - SynchronizeType: 1
    LayerIndex: 0
--- !u!1 &1729779277373048241
GameObject:
  m_ObjectHideFlags: 0
  m_CorrespondingSourceObject: {fileID: 0}
  m_PrefabInstance: {fileID: 0}
  m_PrefabAsset: {fileID: 0}
  serializedVersion: 6
  m_Component:
  - component: {fileID: 1729779277373048254}
  - component: {fileID: 1729779277373048252}
  - component: {fileID: 1729779277373048255}
  - component: {fileID: 1729779277373048253}
  m_Layer: 0
  m_Name: Trigger
  m_TagString: Untagged
  m_Icon: {fileID: 0}
  m_NavMeshLayer: 0
  m_StaticEditorFlags: 0
  m_IsActive: 1
--- !u!4 &1729779277373048254
Transform:
  m_ObjectHideFlags: 0
  m_CorrespondingSourceObject: {fileID: 0}
  m_PrefabInstance: {fileID: 0}
  m_PrefabAsset: {fileID: 0}
  m_GameObject: {fileID: 1729779277373048241}
  m_LocalRotation: {x: 0, y: 0, z: 0, w: 1}
  m_LocalPosition: {x: 0.834, y: 0.542, z: -0.13}
  m_LocalScale: {x: 1.6102, y: 1, z: 2.2485478}
  m_Children: []
  m_Father: {fileID: 1729779277582765627}
  m_RootOrder: 7
  m_LocalEulerAnglesHint: {x: 0, y: 0, z: 0}
--- !u!33 &1729779277373048252
MeshFilter:
  m_ObjectHideFlags: 0
  m_CorrespondingSourceObject: {fileID: 0}
  m_PrefabInstance: {fileID: 0}
  m_PrefabAsset: {fileID: 0}
  m_GameObject: {fileID: 1729779277373048241}
  m_Mesh: {fileID: 10202, guid: 0000000000000000e000000000000000, type: 0}
--- !u!65 &1729779277373048255
BoxCollider:
  m_ObjectHideFlags: 0
  m_CorrespondingSourceObject: {fileID: 0}
  m_PrefabInstance: {fileID: 0}
  m_PrefabAsset: {fileID: 0}
  m_GameObject: {fileID: 1729779277373048241}
  m_Material: {fileID: 0}
  m_IsTrigger: 1
  m_Enabled: 1
  serializedVersion: 2
  m_Size: {x: 1, y: 1, z: 1}
  m_Center: {x: 0, y: 0, z: 0}
--- !u!114 &1729779277373048253
MonoBehaviour:
  m_ObjectHideFlags: 0
  m_CorrespondingSourceObject: {fileID: 0}
  m_PrefabInstance: {fileID: 0}
  m_PrefabAsset: {fileID: 0}
  m_GameObject: {fileID: 1729779277373048241}
  m_Enabled: 1
  m_EditorHideFlags: 0
  m_Script: {fileID: 11500000, guid: 9d82763cdffa17540b3577e2a9beb65f, type: 3}
  m_Name: 
  m_EditorClassIdentifier: 
  GameObject: {fileID: 1729779277370716924}
  TagToTrigger: Player
--- !u!1 &1729779277582765626
GameObject:
  m_ObjectHideFlags: 0
  m_CorrespondingSourceObject: {fileID: 0}
  m_PrefabInstance: {fileID: 0}
  m_PrefabAsset: {fileID: 0}
  serializedVersion: 6
  m_Component:
  - component: {fileID: 1729779277582765627}
  m_Layer: 0
  m_Name: Elevator
  m_TagString: Untagged
  m_Icon: {fileID: 0}
  m_NavMeshLayer: 0
  m_StaticEditorFlags: 4294967295
  m_IsActive: 1
--- !u!4 &1729779277582765627
Transform:
  m_ObjectHideFlags: 0
  m_CorrespondingSourceObject: {fileID: 0}
  m_PrefabInstance: {fileID: 0}
  m_PrefabAsset: {fileID: 0}
  m_GameObject: {fileID: 1729779277582765626}
  m_LocalRotation: {x: -0, y: -0, z: -0, w: 1}
  m_LocalPosition: {x: -3.5019884, y: -4.0535903, z: -4.56807}
  m_LocalScale: {x: 1, y: 1, z: 1}
  m_Children:
  - {fileID: 1729779278412611524}
  - {fileID: 1729779279259162267}
  - {fileID: 1729779278467294679}
  - {fileID: 1729779277831856316}
  - {fileID: 1729779278929667595}
  - {fileID: 1729779277370716925}
  - {fileID: 1729779277836559007}
  - {fileID: 1729779277373048254}
  m_Father: {fileID: 0}
  m_RootOrder: 0
  m_LocalEulerAnglesHint: {x: 0, y: 0, z: 0}
--- !u!1 &1729779277831856319
GameObject:
  m_ObjectHideFlags: 0
  m_CorrespondingSourceObject: {fileID: 0}
  m_PrefabInstance: {fileID: 0}
  m_PrefabAsset: {fileID: 0}
  serializedVersion: 6
  m_Component:
  - component: {fileID: 1729779277831856316}
  - component: {fileID: 1729779277831856312}
  - component: {fileID: 1729779277831856315}
  - component: {fileID: 1729779277831856314}
  - component: {fileID: 1729779277831856317}
  m_Layer: 0
  m_Name: Cube (5)
  m_TagString: Untagged
  m_Icon: {fileID: 0}
  m_NavMeshLayer: 0
  m_StaticEditorFlags: 4294967295
  m_IsActive: 1
--- !u!4 &1729779277831856316
Transform:
  m_ObjectHideFlags: 0
  m_CorrespondingSourceObject: {fileID: 0}
  m_PrefabInstance: {fileID: 0}
  m_PrefabAsset: {fileID: 0}
  m_GameObject: {fileID: 1729779277831856319}
  m_LocalRotation: {x: -0.4999985, y: -0.49999988, z: -0.5000002, w: 0.50000155}
  m_LocalPosition: {x: 0.8105011, y: -0.000023245811, z: -0.111083984}
  m_LocalScale: {x: 1, y: 1, z: 1}
  m_Children: []
  m_Father: {fileID: 1729779277582765627}
  m_RootOrder: 3
  m_LocalEulerAnglesHint: {x: -90.00001, y: 0, z: -90.00001}
--- !u!33 &1729779277831856312
MeshFilter:
  m_ObjectHideFlags: 0
  m_CorrespondingSourceObject: {fileID: 0}
  m_PrefabInstance: {fileID: 0}
  m_PrefabAsset: {fileID: 0}
  m_GameObject: {fileID: 1729779277831856319}
  m_Mesh: {fileID: 0}
--- !u!23 &1729779277831856315
MeshRenderer:
  m_ObjectHideFlags: 0
  m_CorrespondingSourceObject: {fileID: 0}
  m_PrefabInstance: {fileID: 0}
  m_PrefabAsset: {fileID: 0}
  m_GameObject: {fileID: 1729779277831856319}
  m_Enabled: 1
  m_CastShadows: 1
  m_ReceiveShadows: 1
  m_DynamicOccludee: 1
  m_MotionVectors: 1
  m_LightProbeUsage: 1
  m_ReflectionProbeUsage: 1
  m_RayTracingMode: 2
  m_RenderingLayerMask: 1
  m_RendererPriority: 0
  m_Materials:
  - {fileID: 2100000, guid: 484ceb58e8925b343bd9d68baa7ff8c0, type: 2}
  m_StaticBatchInfo:
    firstSubMesh: 0
    subMeshCount: 0
  m_StaticBatchRoot: {fileID: 0}
  m_ProbeAnchor: {fileID: 0}
  m_LightProbeVolumeOverride: {fileID: 0}
  m_ScaleInLightmap: 1
  m_ReceiveGI: 1
  m_PreserveUVs: 0
  m_IgnoreNormalsForChartDetection: 0
  m_ImportantGI: 0
  m_StitchLightmapSeams: 1
  m_SelectedEditorRenderState: 2
  m_MinimumChartSize: 4
  m_AutoUVMaxDistance: 0.5
  m_AutoUVMaxAngle: 89
  m_LightmapParameters: {fileID: 0}
  m_SortingLayerID: 0
  m_SortingLayer: 0
  m_SortingOrder: 0
--- !u!114 &1729779277831856314
MonoBehaviour:
  m_ObjectHideFlags: 0
  m_CorrespondingSourceObject: {fileID: 0}
  m_PrefabInstance: {fileID: 0}
  m_PrefabAsset: {fileID: 0}
  m_GameObject: {fileID: 1729779277831856319}
  m_Enabled: 1
  m_EditorHideFlags: 0
  m_Script: {fileID: 11500000, guid: 8233d90336aea43098adf6dbabd606a2, type: 3}
  m_Name: 
  m_EditorClassIdentifier: 
  m_MeshFormatVersion: 1
  m_Faces:
  - m_Indexes: 000000000100000002000000010000000300000002000000
    m_SmoothingGroup: 0
    m_Uv:
      m_UseWorldSpace: 0
      m_FlipU: 0
      m_FlipV: 0
      m_SwapUV: 0
      m_Fill: 1
      m_Scale: {x: 1, y: 1}
      m_Offset: {x: 0, y: 0}
      m_Rotation: 0
      m_Anchor: 9
    m_Material: {fileID: 0}
    m_SubmeshIndex: 0
    m_ManualUV: 0
    elementGroup: -1
    m_TextureGroup: -1
  m_SharedVertices:
  - m_Vertices: 00000000
  - m_Vertices: 01000000
  - m_Vertices: 02000000
  - m_Vertices: 03000000
  m_SharedTextures: []
  m_Positions:
  - {x: -1.1393511, y: -0.91787136, z: -0.0000025207103}
  - {x: 1.1393509, y: -0.91787136, z: 0.00000004526285}
  - {x: -1.1393504, y: 0.8289014, z: 0.000000057742}
  - {x: 1.1393489, y: 0.82890165, z: 0.0000030975789}
  m_Textures0:
  - {x: 1.1393511, y: -0.91787136}
  - {x: -1.1393509, y: -0.91787136}
  - {x: 1.1393504, y: 0.8289014}
  - {x: -1.1393489, y: 0.82890165}
  m_Textures2: []
  m_Textures3: []
  m_Tangents:
  - {x: -1, y: -1.6781578e-19, z: -0.0000011260678, w: -1}
  - {x: -1, y: -1.8323634e-19, z: -0.0000012300452, w: -1}
  - {x: -1, y: -1.8323634e-19, z: -0.0000012300452, w: -1}
  - {x: -1, y: 0, z: -0.0000013340227, w: -1}
  m_Colors: []
  m_UnwrapParameters:
    m_HardAngle: 88
    m_PackMargin: 20
    m_AngleError: 8
    m_AreaError: 15
  m_PreserveMeshAssetOnDestroy: 0
  assetGuid: 
  m_IsSelectable: 1
  m_SelectedFaces: 
  m_SelectedEdges: []
  m_SelectedVertices: 
--- !u!64 &1729779277831856317
MeshCollider:
  m_ObjectHideFlags: 0
  m_CorrespondingSourceObject: {fileID: 0}
  m_PrefabInstance: {fileID: 0}
  m_PrefabAsset: {fileID: 0}
  m_GameObject: {fileID: 1729779277831856319}
  m_Material: {fileID: 0}
  m_IsTrigger: 0
  m_Enabled: 1
  serializedVersion: 3
  m_Convex: 0
  m_CookingOptions: 30
  m_Mesh: {fileID: 0}
--- !u!1 &1729779277836559006
GameObject:
  m_ObjectHideFlags: 0
  m_CorrespondingSourceObject: {fileID: 0}
  m_PrefabInstance: {fileID: 0}
  m_PrefabAsset: {fileID: 0}
  serializedVersion: 6
  m_Component:
  - component: {fileID: 1729779277836559007}
  - component: {fileID: 1729779277836559003}
  - component: {fileID: 1729779277836559002}
  - component: {fileID: 1729779277836559005}
  - component: {fileID: 1729779277836559004}
  m_Layer: 0
  m_Name: ExitObject
  m_TagString: Untagged
  m_Icon: {fileID: 0}
  m_NavMeshLayer: 0
  m_StaticEditorFlags: 4294967295
  m_IsActive: 1
--- !u!4 &1729779277836559007
Transform:
  m_ObjectHideFlags: 0
  m_CorrespondingSourceObject: {fileID: 0}
  m_PrefabInstance: {fileID: 0}
  m_PrefabAsset: {fileID: 0}
  m_GameObject: {fileID: 1729779277836559006}
  m_LocalRotation: {x: -0, y: -0, z: -0, w: 1}
  m_LocalPosition: {x: -0.27299976, y: 2.0620003, z: 0.17199993}
  m_LocalScale: {x: 1, y: 1, z: 1}
  m_Children: []
  m_Father: {fileID: 1729779277582765627}
  m_RootOrder: 6
  m_LocalEulerAnglesHint: {x: 0, y: 0, z: 0}
--- !u!33 &1729779277836559003
MeshFilter:
  m_ObjectHideFlags: 0
  m_CorrespondingSourceObject: {fileID: 0}
  m_PrefabInstance: {fileID: 0}
  m_PrefabAsset: {fileID: 0}
  m_GameObject: {fileID: 1729779277836559006}
  m_Mesh: {fileID: 0}
--- !u!23 &1729779277836559002
MeshRenderer:
  m_ObjectHideFlags: 0
  m_CorrespondingSourceObject: {fileID: 0}
  m_PrefabInstance: {fileID: 0}
  m_PrefabAsset: {fileID: 0}
  m_GameObject: {fileID: 1729779277836559006}
  m_Enabled: 1
  m_CastShadows: 1
  m_ReceiveShadows: 1
  m_DynamicOccludee: 1
  m_MotionVectors: 1
  m_LightProbeUsage: 1
  m_ReflectionProbeUsage: 1
  m_RayTracingMode: 2
  m_RenderingLayerMask: 1
  m_RendererPriority: 0
  m_Materials:
  - {fileID: 2100000, guid: 629ac5a1282792b4dad56ea616a6b0bb, type: 2}
  - {fileID: 2100000, guid: 81c0fbee68583464e91e53046965f8eb, type: 2}
  m_StaticBatchInfo:
    firstSubMesh: 0
    subMeshCount: 0
  m_StaticBatchRoot: {fileID: 0}
  m_ProbeAnchor: {fileID: 0}
  m_LightProbeVolumeOverride: {fileID: 0}
  m_ScaleInLightmap: 1
  m_ReceiveGI: 1
  m_PreserveUVs: 0
  m_IgnoreNormalsForChartDetection: 0
  m_ImportantGI: 0
  m_StitchLightmapSeams: 1
  m_SelectedEditorRenderState: 2
  m_MinimumChartSize: 4
  m_AutoUVMaxDistance: 0.5
  m_AutoUVMaxAngle: 89
  m_LightmapParameters: {fileID: 0}
  m_SortingLayerID: 0
  m_SortingLayer: 0
  m_SortingOrder: 0
--- !u!114 &1729779277836559005
MonoBehaviour:
  m_ObjectHideFlags: 0
  m_CorrespondingSourceObject: {fileID: 0}
  m_PrefabInstance: {fileID: 0}
  m_PrefabAsset: {fileID: 0}
  m_GameObject: {fileID: 1729779277836559006}
  m_Enabled: 1
  m_EditorHideFlags: 0
  m_Script: {fileID: 11500000, guid: 8233d90336aea43098adf6dbabd606a2, type: 3}
  m_Name: 
  m_EditorClassIdentifier: 
  m_MeshFormatVersion: 1
  m_Faces:
  - m_Indexes: 000000000100000002000000010000000300000002000000
    m_SmoothingGroup: 0
    m_Uv:
      m_UseWorldSpace: 0
      m_FlipU: 0
      m_FlipV: 0
      m_SwapUV: 0
      m_Fill: 1
      m_Scale: {x: 1, y: 1}
      m_Offset: {x: 0, y: 0}
      m_Rotation: 0
      m_Anchor: 9
    m_Material: {fileID: 0}
    m_SubmeshIndex: 1
    m_ManualUV: 0
    elementGroup: -1
    m_TextureGroup: -1
  - m_Indexes: 040000000500000006000000050000000700000006000000
    m_SmoothingGroup: 0
    m_Uv:
      m_UseWorldSpace: 0
      m_FlipU: 0
      m_FlipV: 0
      m_SwapUV: 0
      m_Fill: 1
      m_Scale: {x: 1, y: 1}
      m_Offset: {x: 0, y: 0}
      m_Rotation: 0
      m_Anchor: 9
    m_Material: {fileID: 0}
    m_SubmeshIndex: 1
    m_ManualUV: 0
    elementGroup: -1
    m_TextureGroup: -1
  - m_Indexes: 08000000090000000a000000090000000b0000000a000000
    m_SmoothingGroup: 0
    m_Uv:
      m_UseWorldSpace: 0
      m_FlipU: 0
      m_FlipV: 0
      m_SwapUV: 0
      m_Fill: 1
      m_Scale: {x: 1, y: 1}
      m_Offset: {x: 0, y: 0}
      m_Rotation: 0
      m_Anchor: 9
    m_Material: {fileID: 0}
    m_SubmeshIndex: 1
    m_ManualUV: 0
    elementGroup: -1
    m_TextureGroup: -1
  - m_Indexes: 0c0000000d0000000e0000000d0000000f0000000e000000
    m_SmoothingGroup: 0
    m_Uv:
      m_UseWorldSpace: 0
      m_FlipU: 0
      m_FlipV: 0
      m_SwapUV: 0
      m_Fill: 1
      m_Scale: {x: 1, y: 1}
      m_Offset: {x: 0, y: 0}
      m_Rotation: 0
      m_Anchor: 9
    m_Material: {fileID: 0}
    m_SubmeshIndex: 0
    m_ManualUV: 0
    elementGroup: -1
    m_TextureGroup: -1
  - m_Indexes: 100000001100000012000000110000001300000012000000
    m_SmoothingGroup: 0
    m_Uv:
      m_UseWorldSpace: 0
      m_FlipU: 0
      m_FlipV: 0
      m_SwapUV: 0
      m_Fill: 1
      m_Scale: {x: 1, y: 1}
      m_Offset: {x: 0, y: 0}
      m_Rotation: 0
      m_Anchor: 9
    m_Material: {fileID: 0}
    m_SubmeshIndex: 1
    m_ManualUV: 0
    elementGroup: -1
    m_TextureGroup: -1
  - m_Indexes: 140000001500000016000000150000001700000016000000
    m_SmoothingGroup: 0
    m_Uv:
      m_UseWorldSpace: 0
      m_FlipU: 0
      m_FlipV: 0
      m_SwapUV: 0
      m_Fill: 1
      m_Scale: {x: 1, y: 1}
      m_Offset: {x: 0, y: 0}
      m_Rotation: 0
      m_Anchor: 9
    m_Material: {fileID: 0}
    m_SubmeshIndex: 1
    m_ManualUV: 0
    elementGroup: -1
    m_TextureGroup: -1
  m_SharedVertices:
  - m_Vertices: 000000000d00000016000000
  - m_Vertices: 010000000400000017000000
  - m_Vertices: 020000000f00000010000000
  - m_Vertices: 030000000600000011000000
  - m_Vertices: 050000000800000015000000
  - m_Vertices: 070000000a00000013000000
  - m_Vertices: 090000000c00000014000000
  - m_Vertices: 0b0000000e00000012000000
  m_SharedTextures: []
  m_Positions:
  - {x: 0, y: 0, z: 0}
  - {x: 0.05057335, y: 0, z: 0}
  - {x: 0, y: 0.25, z: 0}
  - {x: 0.05057335, y: 0.25, z: 0}
  - {x: 0.05057335, y: 0, z: 0}
  - {x: 0.05057335, y: 0, z: -0.5}
  - {x: 0.05057335, y: 0.25, z: 0}
  - {x: 0.05057335, y: 0.25, z: -0.5}
  - {x: 0.05057335, y: 0, z: -0.5}
  - {x: 0, y: 0, z: -0.5}
  - {x: 0.05057335, y: 0.25, z: -0.5}
  - {x: 0, y: 0.25, z: -0.5}
  - {x: 0, y: 0, z: -0.5}
  - {x: 0, y: 0, z: 0}
  - {x: 0, y: 0.25, z: -0.5}
  - {x: 0, y: 0.25, z: 0}
  - {x: 0, y: 0.25, z: 0}
  - {x: 0.05057335, y: 0.25, z: 0}
  - {x: 0, y: 0.25, z: -0.5}
  - {x: 0.05057335, y: 0.25, z: -0.5}
  - {x: 0, y: 0, z: -0.5}
  - {x: 0.05057335, y: 0, z: -0.5}
  - {x: 0, y: 0, z: 0}
  - {x: 0.05057335, y: 0, z: 0}
  m_Textures0:
  - {x: 0, y: 0}
  - {x: -0.05057335, y: 0}
  - {x: 0, y: 0.25}
  - {x: -0.05057335, y: 0.25}
  - {x: 0, y: 0}
  - {x: -0.5, y: 0}
  - {x: 0, y: 0.25}
  - {x: -0.5, y: 0.25}
  - {x: 0.05057335, y: 0}
  - {x: 0, y: 0}
  - {x: 0.05057335, y: 0.25}
  - {x: 0, y: 0.25}
  - {x: 0.5, y: 0}
  - {x: 0, y: 0}
  - {x: 0.5, y: 0.25}
  - {x: 0, y: 0.25}
  - {x: 0, y: 0}
  - {x: 0.05057335, y: 0}
  - {x: 0, y: -0.5}
  - {x: 0.05057335, y: -0.5}
  - {x: 0, y: -0.5}
  - {x: -0.05057335, y: -0.5}
  - {x: 0, y: 0}
  - {x: -0.05057335, y: 0}
  m_Textures2: []
  m_Textures3: []
  m_Tangents:
  - {x: -1, y: 0, z: 0, w: -1}
  - {x: -1, y: 0, z: 0, w: -1}
  - {x: -1, y: 0, z: 0, w: -1}
  - {x: -1, y: 0, z: 0, w: -1}
  - {x: 0, y: 0, z: 1, w: -1}
  - {x: 0, y: 0, z: 1, w: -1}
  - {x: 0, y: 0, z: 1, w: -1}
  - {x: 0, y: 0, z: 1, w: -1}
  - {x: 1, y: 0, z: 0, w: -1}
  - {x: 1, y: 0, z: 0, w: -1}
  - {x: 1, y: 0, z: 0, w: -1}
  - {x: 1, y: 0, z: 0, w: -1}
  - {x: 0, y: 0, z: -1, w: -1}
  - {x: 0, y: 0, z: -1, w: -1}
  - {x: 0, y: 0, z: -1, w: -1}
  - {x: 0, y: 0, z: -1, w: -1}
  - {x: 1, y: 0, z: 0, w: -1}
  - {x: 1, y: 0, z: 0, w: -1}
  - {x: 1, y: 0, z: 0, w: -1}
  - {x: 1, y: 0, z: 0, w: -1}
  - {x: -1, y: 0, z: 0, w: -1}
  - {x: -1, y: 0, z: 0, w: -1}
  - {x: -1, y: 0, z: 0, w: -1}
  - {x: -1, y: 0, z: 0, w: -1}
  m_Colors: []
  m_UnwrapParameters:
    m_HardAngle: 88
    m_PackMargin: 20
    m_AngleError: 8
    m_AreaError: 15
  m_PreserveMeshAssetOnDestroy: 0
  assetGuid: 
  m_IsSelectable: 1
  m_SelectedFaces: 
  m_SelectedEdges: []
  m_SelectedVertices: 
--- !u!64 &1729779277836559004
MeshCollider:
  m_ObjectHideFlags: 0
  m_CorrespondingSourceObject: {fileID: 0}
  m_PrefabInstance: {fileID: 0}
  m_PrefabAsset: {fileID: 0}
  m_GameObject: {fileID: 1729779277836559006}
  m_Material: {fileID: 0}
  m_IsTrigger: 0
  m_Enabled: 1
  serializedVersion: 3
  m_Convex: 0
  m_CookingOptions: 30
  m_Mesh: {fileID: 0}
--- !u!1 &1729779277867509755
GameObject:
  m_ObjectHideFlags: 0
  m_CorrespondingSourceObject: {fileID: 0}
  m_PrefabInstance: {fileID: 0}
  m_PrefabAsset: {fileID: 0}
  serializedVersion: 6
  m_Component:
  - component: {fileID: 1729779277867509752}
  - component: {fileID: 1729779277867509636}
  - component: {fileID: 1729779277867509639}
  - component: {fileID: 1729779277867509638}
  - component: {fileID: 1729779277867509753}
  m_Layer: 0
  m_Name: DoorRight
  m_TagString: Untagged
  m_Icon: {fileID: 0}
  m_NavMeshLayer: 0
  m_StaticEditorFlags: 0
  m_IsActive: 1
--- !u!4 &1729779277867509752
Transform:
  m_ObjectHideFlags: 0
  m_CorrespondingSourceObject: {fileID: 0}
  m_PrefabInstance: {fileID: 0}
  m_PrefabAsset: {fileID: 0}
  m_GameObject: {fileID: 1729779277867509755}
  m_LocalRotation: {x: -0, y: -0.70710576, z: -0, w: 0.7071079}
  m_LocalPosition: {x: -0.09800053, y: 0.98899996, z: 0.20776558}
  m_LocalScale: {x: 1, y: 1, z: 1}
  m_Children: []
  m_Father: {fileID: 1729779277370716925}
  m_RootOrder: 0
  m_LocalEulerAnglesHint: {x: 0, y: -90.00001, z: 0}
--- !u!33 &1729779277867509636
MeshFilter:
  m_ObjectHideFlags: 0
  m_CorrespondingSourceObject: {fileID: 0}
  m_PrefabInstance: {fileID: 0}
  m_PrefabAsset: {fileID: 0}
  m_GameObject: {fileID: 1729779277867509755}
  m_Mesh: {fileID: 0}
--- !u!23 &1729779277867509639
MeshRenderer:
  m_ObjectHideFlags: 0
  m_CorrespondingSourceObject: {fileID: 0}
  m_PrefabInstance: {fileID: 0}
  m_PrefabAsset: {fileID: 0}
  m_GameObject: {fileID: 1729779277867509755}
  m_Enabled: 1
  m_CastShadows: 1
  m_ReceiveShadows: 1
  m_DynamicOccludee: 1
  m_MotionVectors: 1
  m_LightProbeUsage: 1
  m_ReflectionProbeUsage: 1
  m_RayTracingMode: 2
  m_RenderingLayerMask: 1
  m_RendererPriority: 0
  m_Materials:
  - {fileID: 2100000, guid: 5b356018838f6a6458dec882f9c580c5, type: 2}
  m_StaticBatchInfo:
    firstSubMesh: 0
    subMeshCount: 0
  m_StaticBatchRoot: {fileID: 0}
  m_ProbeAnchor: {fileID: 0}
  m_LightProbeVolumeOverride: {fileID: 0}
  m_ScaleInLightmap: 1
  m_ReceiveGI: 1
  m_PreserveUVs: 0
  m_IgnoreNormalsForChartDetection: 0
  m_ImportantGI: 0
  m_StitchLightmapSeams: 1
  m_SelectedEditorRenderState: 2
  m_MinimumChartSize: 4
  m_AutoUVMaxDistance: 0.5
  m_AutoUVMaxAngle: 89
  m_LightmapParameters: {fileID: 0}
  m_SortingLayerID: 0
  m_SortingLayer: 0
  m_SortingOrder: 0
--- !u!114 &1729779277867509638
MonoBehaviour:
  m_ObjectHideFlags: 0
  m_CorrespondingSourceObject: {fileID: 0}
  m_PrefabInstance: {fileID: 0}
  m_PrefabAsset: {fileID: 0}
  m_GameObject: {fileID: 1729779277867509755}
  m_Enabled: 1
  m_EditorHideFlags: 0
  m_Script: {fileID: 11500000, guid: 8233d90336aea43098adf6dbabd606a2, type: 3}
  m_Name: 
  m_EditorClassIdentifier: 
  m_MeshFormatVersion: 1
  m_Faces:
  - m_Indexes: 000000000100000002000000010000000300000002000000
    m_SmoothingGroup: 0
    m_Uv:
      m_UseWorldSpace: 0
      m_FlipU: 0
      m_FlipV: 0
      m_SwapUV: 0
      m_Fill: 1
      m_Scale: {x: 1, y: 1}
      m_Offset: {x: 0, y: 0}
      m_Rotation: 0
      m_Anchor: 9
    m_Material: {fileID: 0}
    m_SubmeshIndex: 0
    m_ManualUV: 0
    elementGroup: -1
    m_TextureGroup: -1
  - m_Indexes: 040000000500000006000000050000000700000006000000
    m_SmoothingGroup: 0
    m_Uv:
      m_UseWorldSpace: 0
      m_FlipU: 0
      m_FlipV: 0
      m_SwapUV: 0
      m_Fill: 1
      m_Scale: {x: 1, y: 1}
      m_Offset: {x: 0, y: 0}
      m_Rotation: 0
      m_Anchor: 9
    m_Material: {fileID: 0}
    m_SubmeshIndex: 0
    m_ManualUV: 0
    elementGroup: -1
    m_TextureGroup: -1
  - m_Indexes: 08000000090000000a000000090000000b0000000a000000
    m_SmoothingGroup: 0
    m_Uv:
      m_UseWorldSpace: 0
      m_FlipU: 0
      m_FlipV: 0
      m_SwapUV: 0
      m_Fill: 1
      m_Scale: {x: 1, y: 1}
      m_Offset: {x: 0, y: 0}
      m_Rotation: 0
      m_Anchor: 9
    m_Material: {fileID: 0}
    m_SubmeshIndex: 0
    m_ManualUV: 0
    elementGroup: -1
    m_TextureGroup: -1
  - m_Indexes: 0c0000000d0000000e0000000d0000000f0000000e000000
    m_SmoothingGroup: 0
    m_Uv:
      m_UseWorldSpace: 0
      m_FlipU: 0
      m_FlipV: 0
      m_SwapUV: 0
      m_Fill: 1
      m_Scale: {x: 1, y: 1}
      m_Offset: {x: 0, y: 0}
      m_Rotation: 0
      m_Anchor: 9
    m_Material: {fileID: 0}
    m_SubmeshIndex: 0
    m_ManualUV: 0
    elementGroup: -1
    m_TextureGroup: -1
  - m_Indexes: 120000001100000010000000120000001300000011000000
    m_SmoothingGroup: 0
    m_Uv:
      m_UseWorldSpace: 0
      m_FlipU: 0
      m_FlipV: 0
      m_SwapUV: 0
      m_Fill: 1
      m_Scale: {x: 1, y: 1}
      m_Offset: {x: 0, y: 0}
      m_Rotation: 0
      m_Anchor: 9
    m_Material: {fileID: 0}
    m_SubmeshIndex: 0
    m_ManualUV: 0
    elementGroup: -1
    m_TextureGroup: -1
  m_SharedVertices:
  - m_Vertices: 000000000e00000011000000
  - m_Vertices: 010000000f000000
  - m_Vertices: 020000000800000010000000
  - m_Vertices: 0300000009000000
  - m_Vertices: 040000000d000000
  - m_Vertices: 060000000b000000
  - m_Vertices: 050000000c00000013000000
  - m_Vertices: 070000000a00000012000000
  m_SharedTextures: []
  m_Positions:
  - {x: -0.29126897, y: -1.0113117, z: 0.027975857}
  - {x: 0.29126874, y: -1.0113117, z: 0.0279738}
  - {x: -0.29126897, y: 1.0113115, z: 0.027978718}
  - {x: 0.2912673, y: 1.0113115, z: 0.027976662}
  - {x: 0.29126796, y: -1.0113117, z: -0.027979225}
  - {x: -0.2912693, y: -1.0113117, z: -0.027977169}
  - {x: 0.29126653, y: 1.0113115, z: -0.027976364}
  - {x: -0.29126883, y: 1.0113115, z: -0.027974315}
  - {x: -0.29126897, y: 1.0113115, z: 0.027978718}
  - {x: 0.2912673, y: 1.0113115, z: 0.027976662}
  - {x: -0.29126883, y: 1.0113115, z: -0.027974315}
  - {x: 0.29126653, y: 1.0113115, z: -0.027976364}
  - {x: -0.2912693, y: -1.0113117, z: -0.027977169}
  - {x: 0.29126796, y: -1.0113117, z: -0.027979225}
  - {x: -0.29126897, y: -1.0113117, z: 0.027975857}
  - {x: 0.29126874, y: -1.0113117, z: 0.0279738}
  - {x: -0.29126897, y: 1.0113115, z: 0.027978718}
  - {x: -0.29126897, y: -1.0113117, z: 0.027975857}
  - {x: -0.29126883, y: 1.0113115, z: -0.027974315}
  - {x: -0.2912693, y: -1.0113117, z: -0.027977169}
  m_Textures0:
  - {x: 0.29126906, y: -1.0113117}
  - {x: -0.29126865, y: -1.0113117}
  - {x: 0.29126906, y: 1.0113115}
  - {x: -0.29126722, y: 1.0113115}
  - {x: 0.29126805, y: -1.0113117}
  - {x: -0.2912692, y: -1.0113117}
  - {x: 0.29126662, y: 1.0113115}
  - {x: -0.29126874, y: 1.0113115}
  - {x: -0.29126897, y: 0.027978718}
  - {x: 0.2912673, y: 0.027976662}
  - {x: -0.29126883, y: -0.027974315}
  - {x: 0.29126653, y: -0.027976364}
  - {x: 0.2912693, y: -0.027977169}
  - {x: -0.29126796, y: -0.027979225}
  - {x: 0.29126897, y: 0.027975857}
  - {x: -0.29126874, y: 0.0279738}
  - {x: -0.027979493, y: 1.0113115}
  - {x: -0.027976632, y: -1.0113117}
  - {x: 0.02797354, y: 1.0113115}
  - {x: 0.027976394, y: -1.0113117}
  m_Textures2: []
  m_Textures3: []
  m_Tangents:
  - {x: -1, y: 0, z: 0.0000035300036, w: -1}
  - {x: -1, y: -3.2162235e-19, z: 0.0000035300081, w: -1}
  - {x: -1, y: -3.2162235e-19, z: 0.0000035300081, w: -1}
  - {x: -1, y: -3.2162207e-19, z: 0.0000035300125, w: -1}
  - {x: 1, y: 0, z: -0.000003530006, w: -1}
  - {x: 1, y: -3.2120364e-19, z: -0.000003523617, w: -1}
  - {x: 1, y: -3.2120364e-19, z: -0.000003523617, w: -1}
  - {x: 1, y: -3.2078524e-19, z: -0.0000035172277, w: -1}
  - {x: 1, y: 0, z: 0, w: -1}
  - {x: 1, y: 0, z: 0, w: -1}
  - {x: 1, y: 0, z: 0, w: -1}
  - {x: 1, y: 0, z: 0, w: -1}
  - {x: -1, y: 0, z: 0, w: -1}
  - {x: -1, y: 0, z: 0, w: -1}
  - {x: -1, y: 0, z: 0, w: -1}
  - {x: -1, y: 0, z: 0, w: -1}
  - {x: 0.000002663155, y: 0, z: -1, w: -1}
  - {x: -0.0000015978935, y: 0, z: -1, w: -1}
  - {x: -0.0000015978935, y: 0, z: -1, w: -1}
  - {x: -0.000005858942, y: -1.0720378e-19, z: -1, w: -1}
  m_Colors: []
  m_UnwrapParameters:
    m_HardAngle: 88
    m_PackMargin: 20
    m_AngleError: 8
    m_AreaError: 15
  m_PreserveMeshAssetOnDestroy: 0
  assetGuid: 
  m_IsSelectable: 1
  m_SelectedFaces: 
  m_SelectedEdges: []
  m_SelectedVertices: 
--- !u!64 &1729779277867509753
MeshCollider:
  m_ObjectHideFlags: 0
  m_CorrespondingSourceObject: {fileID: 0}
  m_PrefabInstance: {fileID: 0}
  m_PrefabAsset: {fileID: 0}
  m_GameObject: {fileID: 1729779277867509755}
  m_Material: {fileID: 0}
  m_IsTrigger: 0
  m_Enabled: 1
  serializedVersion: 3
  m_Convex: 0
  m_CookingOptions: 30
  m_Mesh: {fileID: 0}
--- !u!1 &1729779278412611527
GameObject:
  m_ObjectHideFlags: 0
  m_CorrespondingSourceObject: {fileID: 0}
  m_PrefabInstance: {fileID: 0}
  m_PrefabAsset: {fileID: 0}
  serializedVersion: 6
  m_Component:
  - component: {fileID: 1729779278412611524}
  - component: {fileID: 1729779278412611520}
  - component: {fileID: 1729779278412611523}
  - component: {fileID: 1729779278412611522}
  - component: {fileID: 1729779278412611525}
  m_Layer: 0
  m_Name: Cube
  m_TagString: Untagged
  m_Icon: {fileID: 0}
  m_NavMeshLayer: 0
  m_StaticEditorFlags: 4294967295
  m_IsActive: 1
--- !u!4 &1729779278412611524
Transform:
  m_ObjectHideFlags: 0
  m_CorrespondingSourceObject: {fileID: 0}
  m_PrefabInstance: {fileID: 0}
  m_PrefabAsset: {fileID: 0}
  m_GameObject: {fileID: 1729779278412611527}
  m_LocalRotation: {x: -0, y: -0, z: -0, w: 1}
  m_LocalPosition: {x: 0.6905546, y: 2.0113115, z: 0.875}
  m_LocalScale: {x: 1, y: 1, z: 1}
  m_Children: []
  m_Father: {fileID: 1729779277582765627}
  m_RootOrder: 0
  m_LocalEulerAnglesHint: {x: 0, y: 0, z: 0}
--- !u!33 &1729779278412611520
MeshFilter:
  m_ObjectHideFlags: 0
  m_CorrespondingSourceObject: {fileID: 0}
  m_PrefabInstance: {fileID: 0}
  m_PrefabAsset: {fileID: 0}
  m_GameObject: {fileID: 1729779278412611527}
  m_Mesh: {fileID: 0}
--- !u!23 &1729779278412611523
MeshRenderer:
  m_ObjectHideFlags: 0
  m_CorrespondingSourceObject: {fileID: 0}
  m_PrefabInstance: {fileID: 0}
  m_PrefabAsset: {fileID: 0}
  m_GameObject: {fileID: 1729779278412611527}
  m_Enabled: 1
  m_CastShadows: 1
  m_ReceiveShadows: 1
  m_DynamicOccludee: 1
  m_MotionVectors: 1
  m_LightProbeUsage: 1
  m_ReflectionProbeUsage: 1
  m_RayTracingMode: 2
  m_RenderingLayerMask: 1
  m_RendererPriority: 0
  m_Materials:
  - {fileID: 2100000, guid: 81c0fbee68583464e91e53046965f8eb, type: 2}
  m_StaticBatchInfo:
    firstSubMesh: 0
    subMeshCount: 0
  m_StaticBatchRoot: {fileID: 0}
  m_ProbeAnchor: {fileID: 0}
  m_LightProbeVolumeOverride: {fileID: 0}
  m_ScaleInLightmap: 1
  m_ReceiveGI: 1
  m_PreserveUVs: 0
  m_IgnoreNormalsForChartDetection: 0
  m_ImportantGI: 0
  m_StitchLightmapSeams: 1
  m_SelectedEditorRenderState: 2
  m_MinimumChartSize: 4
  m_AutoUVMaxDistance: 0.5
  m_AutoUVMaxAngle: 89
  m_LightmapParameters: {fileID: 0}
  m_SortingLayerID: 0
  m_SortingLayer: 0
  m_SortingOrder: 0
--- !u!114 &1729779278412611522
MonoBehaviour:
  m_ObjectHideFlags: 0
  m_CorrespondingSourceObject: {fileID: 0}
  m_PrefabInstance: {fileID: 0}
  m_PrefabAsset: {fileID: 0}
  m_GameObject: {fileID: 1729779278412611527}
  m_Enabled: 1
  m_EditorHideFlags: 0
  m_Script: {fileID: 11500000, guid: 8233d90336aea43098adf6dbabd606a2, type: 3}
  m_Name: 
  m_EditorClassIdentifier: 
  m_MeshFormatVersion: 1
  m_Faces:
  - m_Indexes: 000000000100000002000000010000000300000002000000
    m_SmoothingGroup: 0
    m_Uv:
      m_UseWorldSpace: 0
      m_FlipU: 0
      m_FlipV: 0
      m_SwapUV: 0
      m_Fill: 1
      m_Scale: {x: 1, y: 1}
      m_Offset: {x: 0, y: 0}
      m_Rotation: 0
      m_Anchor: 9
    m_Material: {fileID: 0}
    m_SubmeshIndex: 0
    m_ManualUV: 0
    elementGroup: -1
    m_TextureGroup: -1
  - m_Indexes: 040000000500000006000000040000000600000008000000060000000700000008000000
    m_SmoothingGroup: 0
    m_Uv:
      m_UseWorldSpace: 0
      m_FlipU: 0
      m_FlipV: 0
      m_SwapUV: 0
      m_Fill: 1
      m_Scale: {x: 1, y: 1}
      m_Offset: {x: 0, y: 0}
      m_Rotation: 0
      m_Anchor: 9
    m_Material: {fileID: 2100000, guid: 31321ba15b8f8eb4c954353edc038b1d, type: 2}
    m_SubmeshIndex: 0
    m_ManualUV: 0
    elementGroup: 0
    m_TextureGroup: -1
  - m_Indexes: 0c0000000a0000000b0000000c000000090000000a000000
    m_SmoothingGroup: 0
    m_Uv:
      m_UseWorldSpace: 0
      m_FlipU: 0
      m_FlipV: 0
      m_SwapUV: 0
      m_Fill: 1
      m_Scale: {x: 1, y: 1}
      m_Offset: {x: 0, y: 0}
      m_Rotation: 0
      m_Anchor: 9
    m_Material: {fileID: 2100000, guid: 31321ba15b8f8eb4c954353edc038b1d, type: 2}
    m_SubmeshIndex: 0
    m_ManualUV: 0
    elementGroup: 0
    m_TextureGroup: 1
  - m_Indexes: 100000000e0000000f000000100000000d0000000e000000
    m_SmoothingGroup: 0
    m_Uv:
      m_UseWorldSpace: 0
      m_FlipU: 0
      m_FlipV: 0
      m_SwapUV: 0
      m_Fill: 1
      m_Scale: {x: 1, y: 1}
      m_Offset: {x: 0, y: 0}
      m_Rotation: 0
      m_Anchor: 9
    m_Material: {fileID: 2100000, guid: 31321ba15b8f8eb4c954353edc038b1d, type: 2}
    m_SubmeshIndex: 0
    m_ManualUV: 0
    elementGroup: 0
    m_TextureGroup: -1
  - m_Indexes: 130000001100000012000000130000001400000011000000
    m_SmoothingGroup: 0
    m_Uv:
      m_UseWorldSpace: 0
      m_FlipU: 0
      m_FlipV: 0
      m_SwapUV: 0
      m_Fill: 1
      m_Scale: {x: 1, y: 1}
      m_Offset: {x: 0, y: 0}
      m_Rotation: 0
      m_Anchor: 9
    m_Material: {fileID: 2100000, guid: 31321ba15b8f8eb4c954353edc038b1d, type: 2}
    m_SubmeshIndex: 0
    m_ManualUV: 0
    elementGroup: 0
    m_TextureGroup: 1
  - m_Indexes: 160000001800000015000000160000001700000018000000
    m_SmoothingGroup: 0
    m_Uv:
      m_UseWorldSpace: 0
      m_FlipU: 0
      m_FlipV: 0
      m_SwapUV: 0
      m_Fill: 1
      m_Scale: {x: 1, y: 1}
      m_Offset: {x: 0, y: 0}
      m_Rotation: 0
      m_Anchor: 9
    m_Material: {fileID: 2100000, guid: 31321ba15b8f8eb4c954353edc038b1d, type: 2}
    m_SubmeshIndex: 0
    m_ManualUV: 0
    elementGroup: 0
    m_TextureGroup: 1
  - m_Indexes: 1b0000001c0000001d0000001b0000001d0000001a0000001d000000190000001a000000
    m_SmoothingGroup: 0
    m_Uv:
      m_UseWorldSpace: 0
      m_FlipU: 0
      m_FlipV: 0
      m_SwapUV: 0
      m_Fill: 1
      m_Scale: {x: 1, y: 1}
      m_Offset: {x: 0, y: 0}
      m_Rotation: 0
      m_Anchor: 9
    m_Material: {fileID: 2100000, guid: 31321ba15b8f8eb4c954353edc038b1d, type: 2}
    m_SubmeshIndex: 0
    m_ManualUV: 0
    elementGroup: 0
    m_TextureGroup: -1
  - m_Indexes: 21000000220000001e0000001f00000020000000210000001f000000210000001e000000
    m_SmoothingGroup: 0
    m_Uv:
      m_UseWorldSpace: 0
      m_FlipU: 0
      m_FlipV: 0
      m_SwapUV: 0
      m_Fill: 1
      m_Scale: {x: 1, y: 1}
      m_Offset: {x: 0, y: 0}
      m_Rotation: 0
      m_Anchor: 9
    m_Material: {fileID: 2100000, guid: 31321ba15b8f8eb4c954353edc038b1d, type: 2}
    m_SubmeshIndex: 0
    m_ManualUV: 0
    elementGroup: 0
    m_TextureGroup: -1
  - m_Indexes: 270000002400000026000000240000002500000026000000270000002300000024000000
    m_SmoothingGroup: 0
    m_Uv:
      m_UseWorldSpace: 0
      m_FlipU: 0
      m_FlipV: 0
      m_SwapUV: 0
      m_Fill: 1
      m_Scale: {x: 1, y: 1}
      m_Offset: {x: 0, y: 0}
      m_Rotation: 0
      m_Anchor: 9
    m_Material: {fileID: 2100000, guid: 31321ba15b8f8eb4c954353edc038b1d, type: 2}
    m_SubmeshIndex: 0
    m_ManualUV: 0
    elementGroup: 0
    m_TextureGroup: -1
  - m_Indexes: 28000000290000002a000000290000002b0000002a000000
    m_SmoothingGroup: 0
    m_Uv:
      m_UseWorldSpace: 0
      m_FlipU: 0
      m_FlipV: 0
      m_SwapUV: 0
      m_Fill: 1
      m_Scale: {x: 1, y: 1}
      m_Offset: {x: 0, y: 0}
      m_Rotation: 0
      m_Anchor: 9
    m_Material: {fileID: 0}
    m_SubmeshIndex: 0
    m_ManualUV: 0
    elementGroup: -1
    m_TextureGroup: -1
  - m_Indexes: 2c0000002d0000002e0000002d0000002f0000002e000000
    m_SmoothingGroup: 0
    m_Uv:
      m_UseWorldSpace: 0
      m_FlipU: 0
      m_FlipV: 0
      m_SwapUV: 0
      m_Fill: 1
      m_Scale: {x: 1, y: 1}
      m_Offset: {x: 0, y: 0}
      m_Rotation: 0
      m_Anchor: 9
    m_Material: {fileID: 0}
    m_SubmeshIndex: 0
    m_ManualUV: 0
    elementGroup: -1
    m_TextureGroup: -1
  - m_Indexes: 300000003100000032000000310000003300000032000000
    m_SmoothingGroup: 0
    m_Uv:
      m_UseWorldSpace: 0
      m_FlipU: 0
      m_FlipV: 0
      m_SwapUV: 0
      m_Fill: 1
      m_Scale: {x: 1, y: 1}
      m_Offset: {x: 0, y: 0}
      m_Rotation: 0
      m_Anchor: 9
    m_Material: {fileID: 0}
    m_SubmeshIndex: 0
    m_ManualUV: 0
    elementGroup: -1
    m_TextureGroup: -1
  - m_Indexes: 340000003500000036000000350000003700000036000000
    m_SmoothingGroup: 0
    m_Uv:
      m_UseWorldSpace: 0
      m_FlipU: 0
      m_FlipV: 0
      m_SwapUV: 0
      m_Fill: 1
      m_Scale: {x: 1, y: 1}
      m_Offset: {x: 0, y: 0}
      m_Rotation: 0
      m_Anchor: 9
    m_Material: {fileID: 0}
    m_SubmeshIndex: 0
    m_ManualUV: 0
    elementGroup: -1
    m_TextureGroup: -1
  m_SharedVertices:
  - m_Vertices: 000000001a00000027000000
  - m_Vertices: 010000000400000026000000
  - m_Vertices: 020000001b0000001e000000
  - m_Vertices: 03000000080000001f000000
  - m_Vertices: 050000000900000025000000
  - m_Vertices: 060000000c00000017000000
  - m_Vertices: 070000001600000020000000
  - m_Vertices: 0a000000240000003100000034000000
  - m_Vertices: 0d0000003300000036000000
  - m_Vertices: 0b00000014000000180000002d00000030000000
  - m_Vertices: 100000002f00000032000000
  - m_Vertices: 0e0000002a00000037000000
  - m_Vertices: 19000000230000002800000035000000
  - m_Vertices: 0f0000002b0000002e000000
  - m_Vertices: 110000001d000000290000002c000000
  - m_Vertices: 120000001c00000022000000
  - m_Vertices: 130000001500000021000000
  m_SharedTextures: []
  m_Positions:
  - {x: -0.9405546, y: -2.0113115, z: 0.375}
  - {x: 0.9405556, y: -2.0113115, z: 0.375}
  - {x: -0.9405546, y: 2.0113115, z: 0.375}
  - {x: 0.9405556, y: 2.0113115, z: 0.375}
  - {x: 0.9405556, y: -2.0113115, z: 0.375}
  - {x: 0.9405556, y: -2.0113115, z: 0.125}
  - {x: 0.9405556, y: 0, z: 0.125}
  - {x: 0.9405556, y: 2.0113115, z: 0.125}
  - {x: 0.9405556, y: 2.0113115, z: 0.375}
  - {x: 0.9405556, y: -2.0113115, z: 0.125}
  - {x: -0.6878557, y: -2.0113115, z: 0.125}
  - {x: -0.6878557, y: 0, z: 0.125}
  - {x: 0.9405556, y: 0, z: 0.125}
  - {x: -0.6878557, y: -2.0113115, z: -0.375}
  - {x: -0.9405546, y: -2.0113115, z: -0.375}
  - {x: -0.9405546, y: 0, z: -0.375}
  - {x: -0.6878557, y: 0, z: -0.375}
  - {x: -0.9405546, y: 0, z: 0.125}
  - {x: -0.9405546, y: 2.0113115, z: 0.125}
  - {x: -0.6878557, y: 2.0113115, z: 0.125}
  - {x: -0.6878557, y: 0, z: 0.125}
  - {x: -0.6878557, y: 2.0113115, z: 0.125}
  - {x: 0.9405556, y: 2.0113115, z: 0.125}
  - {x: 0.9405556, y: 0, z: 0.125}
  - {x: -0.6878557, y: 0, z: 0.125}
  - {x: -0.9405546, y: -2.0113115, z: 0.125}
  - {x: -0.9405546, y: -2.0113115, z: 0.375}
  - {x: -0.9405546, y: 2.0113115, z: 0.375}
  - {x: -0.9405546, y: 2.0113115, z: 0.125}
  - {x: -0.9405546, y: 0, z: 0.125}
  - {x: -0.9405546, y: 2.0113115, z: 0.375}
  - {x: 0.9405556, y: 2.0113115, z: 0.375}
  - {x: 0.9405556, y: 2.0113115, z: 0.125}
  - {x: -0.6878557, y: 2.0113115, z: 0.125}
  - {x: -0.9405546, y: 2.0113115, z: 0.125}
  - {x: -0.9405546, y: -2.0113115, z: 0.125}
  - {x: -0.6878557, y: -2.0113115, z: 0.125}
  - {x: 0.9405556, y: -2.0113115, z: 0.125}
  - {x: 0.9405556, y: -2.0113115, z: 0.375}
  - {x: -0.9405546, y: -2.0113115, z: 0.375}
  - {x: -0.9405546, y: -2.0113115, z: 0.125}
  - {x: -0.9405546, y: 0, z: 0.125}
  - {x: -0.9405546, y: -2.0113115, z: -0.375}
  - {x: -0.9405546, y: 0, z: -0.375}
  - {x: -0.9405546, y: 0, z: 0.125}
  - {x: -0.6878557, y: 0, z: 0.125}
  - {x: -0.9405546, y: 0, z: -0.375}
  - {x: -0.6878557, y: 0, z: -0.375}
  - {x: -0.6878557, y: 0, z: 0.125}
  - {x: -0.6878557, y: -2.0113115, z: 0.125}
  - {x: -0.6878557, y: 0, z: -0.375}
  - {x: -0.6878557, y: -2.0113115, z: -0.375}
  - {x: -0.6878557, y: -2.0113115, z: 0.125}
  - {x: -0.9405546, y: -2.0113115, z: 0.125}
  - {x: -0.6878557, y: -2.0113115, z: -0.375}
  - {x: -0.9405546, y: -2.0113115, z: -0.375}
  m_Textures0:
  - {x: 0.9405546, y: -2.0113115}
  - {x: -0.9405556, y: -2.0113115}
  - {x: 0.9405546, y: 2.0113115}
  - {x: -0.9405556, y: 2.0113115}
  - {x: 0.375, y: -2.0113115}
  - {x: 0.125, y: -2.0113115}
  - {x: 0.125, y: 0}
  - {x: 0.125, y: 2.0113115}
  - {x: 0.375, y: 2.0113115}
  - {x: 0.9405556, y: -2.0113115}
  - {x: -0.6878557, y: -2.0113115}
  - {x: -0.6878557, y: 0}
  - {x: 0.9405556, y: 0}
  - {x: -0.6878557, y: -2.0113115}
  - {x: -0.9405546, y: -2.0113115}
  - {x: -0.9405546, y: 0}
  - {x: -0.6878557, y: 0}
  - {x: -0.9405546, y: 0}
  - {x: -0.9405546, y: 2.0113115}
  - {x: -0.6878557, y: 2.0113115}
  - {x: -0.6878557, y: 0}
  - {x: -0.6878557, y: 2.0113115}
  - {x: 0.9405556, y: 2.0113115}
  - {x: 0.9405556, y: 0}
  - {x: -0.6878557, y: 0}
  - {x: -0.125, y: -2.0113115}
  - {x: -0.375, y: -2.0113115}
  - {x: -0.375, y: 2.0113115}
  - {x: -0.125, y: 2.0113115}
  - {x: -0.125, y: 0}
  - {x: -0.9405546, y: 0.375}
  - {x: 0.9405556, y: 0.375}
  - {x: 0.9405556, y: 0.125}
  - {x: -0.6878557, y: 0.125}
  - {x: -0.9405546, y: 0.125}
  - {x: 0.9405546, y: 0.125}
  - {x: 0.6878557, y: 0.125}
  - {x: -0.9405556, y: 0.125}
  - {x: -0.9405556, y: 0.375}
  - {x: 0.9405546, y: 0.375}
  - {x: -0.125, y: -2.0113115}
  - {x: -0.125, y: 0}
  - {x: 0.375, y: -2.0113115}
  - {x: 0.375, y: 0}
  - {x: -0.9405546, y: 0.125}
  - {x: -0.6878557, y: 0.125}
  - {x: -0.9405546, y: -0.375}
  - {x: -0.6878557, y: -0.375}
  - {x: 0.125, y: 0}
  - {x: 0.125, y: -2.0113115}
  - {x: -0.375, y: 0}
  - {x: -0.375, y: -2.0113115}
  - {x: 0.6878557, y: 0.125}
  - {x: 0.9405546, y: 0.125}
  - {x: 0.6878557, y: -0.375}
  - {x: 0.9405546, y: -0.375}
  m_Textures2: []
  m_Textures3: []
  m_Tangents:
  - {x: -1, y: 0, z: 0, w: -1}
  - {x: -1, y: 0, z: 0, w: -1}
  - {x: -1, y: 0, z: 0, w: -1}
  - {x: -1, y: 0, z: 0, w: -1}
  - {x: 0, y: 0, z: 1, w: -1}
  - {x: 0, y: 0, z: 1, w: -1}
  - {x: 0, y: 0, z: 1, w: -1}
  - {x: 0, y: 0, z: 1, w: -1}
  - {x: 0, y: 0, z: 1, w: -1}
  - {x: 1, y: 0, z: 0, w: -1}
  - {x: 1, y: 0, z: 0, w: -1}
  - {x: 1, y: 0, z: 0, w: -1}
  - {x: 1, y: 0, z: 0, w: -1}
  - {x: 1, y: 0, z: 0, w: -1}
  - {x: 1, y: 0, z: 0, w: -1}
  - {x: 1, y: 0, z: 0, w: -1}
  - {x: 1, y: 0, z: 0, w: -1}
  - {x: 1, y: 0, z: 0, w: -1}
  - {x: 1, y: 0, z: 0, w: -1}
  - {x: 1, y: 0, z: 0, w: -1}
  - {x: 1, y: 0, z: 0, w: -1}
  - {x: 1, y: 0, z: 0, w: -1}
  - {x: 1, y: 0, z: 0, w: -1}
  - {x: 1, y: 0, z: 0, w: -1}
  - {x: 1, y: 0, z: 0, w: -1}
  - {x: 0, y: 0, z: -1, w: -1}
  - {x: 0, y: 0, z: -1, w: -1}
  - {x: 0, y: 0, z: -1, w: -1}
  - {x: 0, y: 0, z: -1, w: -1}
  - {x: 0, y: 0, z: -1, w: -1}
  - {x: 1, y: 0, z: 0, w: -1}
  - {x: 1, y: 0, z: 0, w: -1}
  - {x: 1, y: 0, z: 0, w: -1}
  - {x: 1, y: 0, z: 0, w: -1}
  - {x: 1, y: 0, z: 0, w: -1}
  - {x: -1, y: 0, z: 0, w: -1}
  - {x: -1, y: 0, z: 0, w: -1}
  - {x: -1, y: 0, z: 0, w: -1}
  - {x: -1, y: 0, z: 0, w: -1}
  - {x: -1, y: 0, z: 0, w: -1}
  - {x: 0, y: 0, z: -1, w: -1}
  - {x: 0, y: 0, z: -1, w: -1}
  - {x: 0, y: 0, z: -1, w: -1}
  - {x: 0, y: 0, z: -1, w: -1}
  - {x: 1, y: 0, z: 0, w: -1}
  - {x: 1, y: 0, z: 0, w: -1}
  - {x: 1, y: 0, z: 0, w: -1}
  - {x: 1, y: 0, z: 0, w: -1}
  - {x: 0, y: 0, z: 1, w: -1}
  - {x: 0, y: 0, z: 1, w: -1}
  - {x: 0, y: 0, z: 1, w: -1}
  - {x: 0, y: 0, z: 1, w: -1}
  - {x: -1, y: 0, z: 0, w: -1}
  - {x: -1, y: 0, z: 0, w: -1}
  - {x: -1, y: 0, z: 0, w: -1}
  - {x: -1, y: 0, z: 0, w: -1}
  m_Colors: []
  m_UnwrapParameters:
    m_HardAngle: 88
    m_PackMargin: 20
    m_AngleError: 8
    m_AreaError: 15
  m_PreserveMeshAssetOnDestroy: 0
  assetGuid: 
  m_IsSelectable: 1
  m_SelectedFaces: 
  m_SelectedEdges: []
  m_SelectedVertices: 
--- !u!64 &1729779278412611525
MeshCollider:
  m_ObjectHideFlags: 0
  m_CorrespondingSourceObject: {fileID: 0}
  m_PrefabInstance: {fileID: 0}
  m_PrefabAsset: {fileID: 0}
  m_GameObject: {fileID: 1729779278412611527}
  m_Material: {fileID: 0}
  m_IsTrigger: 0
  m_Enabled: 1
  serializedVersion: 3
  m_Convex: 0
  m_CookingOptions: 30
  m_Mesh: {fileID: 0}
--- !u!1 &1729779278442784844
GameObject:
  m_ObjectHideFlags: 0
  m_CorrespondingSourceObject: {fileID: 0}
  m_PrefabInstance: {fileID: 0}
  m_PrefabAsset: {fileID: 0}
  serializedVersion: 6
  m_Component:
  - component: {fileID: 1729779278442784845}
  - component: {fileID: 1729779278442784841}
  - component: {fileID: 1729779278442784840}
  - component: {fileID: 1729779278442784843}
  - component: {fileID: 1729779278442784842}
  m_Layer: 0
  m_Name: DoorLeft
  m_TagString: Untagged
  m_Icon: {fileID: 0}
  m_NavMeshLayer: 0
  m_StaticEditorFlags: 0
  m_IsActive: 1
--- !u!4 &1729779278442784845
Transform:
  m_ObjectHideFlags: 0
  m_CorrespondingSourceObject: {fileID: 0}
  m_PrefabInstance: {fileID: 0}
  m_PrefabAsset: {fileID: 0}
  m_GameObject: {fileID: 1729779278442784844}
  m_LocalRotation: {x: -0, y: -0.70710576, z: -0, w: 0.7071079}
  m_LocalPosition: {x: -0.09799957, y: 0.98899996, z: -0.42424536}
  m_LocalScale: {x: 1, y: 1, z: 1}
  m_Children: []
  m_Father: {fileID: 1729779277370716925}
  m_RootOrder: 1
  m_LocalEulerAnglesHint: {x: 0, y: -90.00001, z: 0}
--- !u!33 &1729779278442784841
MeshFilter:
  m_ObjectHideFlags: 0
  m_CorrespondingSourceObject: {fileID: 0}
  m_PrefabInstance: {fileID: 0}
  m_PrefabAsset: {fileID: 0}
  m_GameObject: {fileID: 1729779278442784844}
  m_Mesh: {fileID: 0}
--- !u!23 &1729779278442784840
MeshRenderer:
  m_ObjectHideFlags: 0
  m_CorrespondingSourceObject: {fileID: 0}
  m_PrefabInstance: {fileID: 0}
  m_PrefabAsset: {fileID: 0}
  m_GameObject: {fileID: 1729779278442784844}
  m_Enabled: 1
  m_CastShadows: 1
  m_ReceiveShadows: 1
  m_DynamicOccludee: 1
  m_MotionVectors: 1
  m_LightProbeUsage: 1
  m_ReflectionProbeUsage: 1
  m_RayTracingMode: 2
  m_RenderingLayerMask: 1
  m_RendererPriority: 0
  m_Materials:
  - {fileID: 2100000, guid: 5b356018838f6a6458dec882f9c580c5, type: 2}
  m_StaticBatchInfo:
    firstSubMesh: 0
    subMeshCount: 0
  m_StaticBatchRoot: {fileID: 0}
  m_ProbeAnchor: {fileID: 0}
  m_LightProbeVolumeOverride: {fileID: 0}
  m_ScaleInLightmap: 1
  m_ReceiveGI: 1
  m_PreserveUVs: 0
  m_IgnoreNormalsForChartDetection: 0
  m_ImportantGI: 0
  m_StitchLightmapSeams: 1
  m_SelectedEditorRenderState: 2
  m_MinimumChartSize: 4
  m_AutoUVMaxDistance: 0.5
  m_AutoUVMaxAngle: 89
  m_LightmapParameters: {fileID: 0}
  m_SortingLayerID: 0
  m_SortingLayer: 0
  m_SortingOrder: 0
--- !u!114 &1729779278442784843
MonoBehaviour:
  m_ObjectHideFlags: 0
  m_CorrespondingSourceObject: {fileID: 0}
  m_PrefabInstance: {fileID: 0}
  m_PrefabAsset: {fileID: 0}
  m_GameObject: {fileID: 1729779278442784844}
  m_Enabled: 1
  m_EditorHideFlags: 0
  m_Script: {fileID: 11500000, guid: 8233d90336aea43098adf6dbabd606a2, type: 3}
  m_Name: 
  m_EditorClassIdentifier: 
  m_MeshFormatVersion: 1
  m_Faces:
  - m_Indexes: 000000000100000002000000010000000300000002000000
    m_SmoothingGroup: 0
    m_Uv:
      m_UseWorldSpace: 0
      m_FlipU: 0
      m_FlipV: 0
      m_SwapUV: 0
      m_Fill: 1
      m_Scale: {x: 1, y: 1}
      m_Offset: {x: 0, y: 0}
      m_Rotation: 0
      m_Anchor: 9
    m_Material: {fileID: 0}
    m_SubmeshIndex: 0
    m_ManualUV: 0
    elementGroup: -1
    m_TextureGroup: -1
  - m_Indexes: 040000000500000006000000050000000700000006000000
    m_SmoothingGroup: 0
    m_Uv:
      m_UseWorldSpace: 0
      m_FlipU: 0
      m_FlipV: 0
      m_SwapUV: 0
      m_Fill: 1
      m_Scale: {x: 1, y: 1}
      m_Offset: {x: 0, y: 0}
      m_Rotation: 0
      m_Anchor: 9
    m_Material: {fileID: 0}
    m_SubmeshIndex: 0
    m_ManualUV: 0
    elementGroup: -1
    m_TextureGroup: -1
  - m_Indexes: 08000000090000000a000000090000000b0000000a000000
    m_SmoothingGroup: 0
    m_Uv:
      m_UseWorldSpace: 0
      m_FlipU: 0
      m_FlipV: 0
      m_SwapUV: 0
      m_Fill: 1
      m_Scale: {x: 1, y: 1}
      m_Offset: {x: 0, y: 0}
      m_Rotation: 0
      m_Anchor: 9
    m_Material: {fileID: 0}
    m_SubmeshIndex: 0
    m_ManualUV: 0
    elementGroup: -1
    m_TextureGroup: -1
  - m_Indexes: 0c0000000d0000000e0000000d0000000f0000000e000000
    m_SmoothingGroup: 0
    m_Uv:
      m_UseWorldSpace: 0
      m_FlipU: 0
      m_FlipV: 0
      m_SwapUV: 0
      m_Fill: 1
      m_Scale: {x: 1, y: 1}
      m_Offset: {x: 0, y: 0}
      m_Rotation: 0
      m_Anchor: 9
    m_Material: {fileID: 0}
    m_SubmeshIndex: 0
    m_ManualUV: 0
    elementGroup: -1
    m_TextureGroup: -1
  - m_Indexes: 120000001100000010000000120000001300000011000000
    m_SmoothingGroup: 0
    m_Uv:
      m_UseWorldSpace: 0
      m_FlipU: 0
      m_FlipV: 0
      m_SwapUV: 0
      m_Fill: 1
      m_Scale: {x: 1, y: 1}
      m_Offset: {x: 0, y: 0}
      m_Rotation: 0
      m_Anchor: 9
    m_Material: {fileID: 0}
    m_SubmeshIndex: 0
    m_ManualUV: 0
    elementGroup: -1
    m_TextureGroup: -1
  m_SharedVertices:
  - m_Vertices: 000000000e000000
  - m_Vertices: 010000000f00000013000000
  - m_Vertices: 0200000008000000
  - m_Vertices: 030000000900000012000000
  - m_Vertices: 040000000d00000011000000
  - m_Vertices: 060000000b00000010000000
  - m_Vertices: 050000000c000000
  - m_Vertices: 070000000a000000
  m_SharedTextures: []
  m_Positions:
  - {x: -0.34465805, y: -1.0113117, z: 0.027976718}
  - {x: 0.34465808, y: -1.0113117, z: 0.027973972}
  - {x: -0.34465805, y: 1.0113115, z: 0.027979579}
  - {x: 0.34465665, y: 1.0113115, z: 0.027976833}
  - {x: 0.3446573, y: -1.0113117, z: -0.027979061}
  - {x: -0.34465837, y: -1.0113117, z: -0.027976315}
  - {x: 0.34465587, y: 1.0113115, z: -0.0279762}
  - {x: -0.3446579, y: 1.0113115, z: -0.027973454}
  - {x: -0.34465805, y: 1.0113115, z: 0.027979579}
  - {x: 0.34465665, y: 1.0113115, z: 0.027976833}
  - {x: -0.3446579, y: 1.0113115, z: -0.027973454}
  - {x: 0.34465587, y: 1.0113115, z: -0.0279762}
  - {x: -0.34465837, y: -1.0113117, z: -0.027976315}
  - {x: 0.3446573, y: -1.0113117, z: -0.027979061}
  - {x: -0.34465805, y: -1.0113117, z: 0.027976718}
  - {x: 0.34465808, y: -1.0113117, z: 0.027973972}
  - {x: 0.34465587, y: 1.0113115, z: -0.0279762}
  - {x: 0.3446573, y: -1.0113117, z: -0.027979061}
  - {x: 0.34465665, y: 1.0113115, z: 0.027976833}
  - {x: 0.34465808, y: -1.0113117, z: 0.027973972}
  m_Textures0:
  - {x: 0.34465817, y: -1.0113117}
  - {x: -0.34465796, y: -1.0113117}
  - {x: 0.34465817, y: 1.0113115}
  - {x: -0.34465653, y: 1.0113115}
  - {x: 0.34465742, y: -1.0113117}
  - {x: -0.34465826, y: -1.0113117}
  - {x: 0.344656, y: 1.0113115}
  - {x: -0.34465778, y: 1.0113115}
  - {x: -0.34465805, y: 0.027979579}
  - {x: 0.34465665, y: 0.027976833}
  - {x: -0.3446579, y: -0.027973454}
  - {x: 0.34465587, y: -0.0279762}
  - {x: 0.34465837, y: -0.027976315}
  - {x: -0.3446573, y: -0.027979061}
  - {x: 0.34465805, y: 0.027976718}
  - {x: -0.34465808, y: 0.027973972}
  - {x: -0.027971428, y: 1.0113113}
  - {x: -0.027974289, y: -1.0113119}
  - {x: 0.027981605, y: 1.0113113}
  - {x: 0.027978744, y: -1.0113119}
  m_Textures2: []
  m_Textures3: []
  m_Tangents:
  - {x: -1, y: 0, z: 0.0000039829893, w: -1}
  - {x: -1, y: -6.4324454e-19, z: 0.000003982994, w: -1}
  - {x: -1, y: -6.4324454e-19, z: 0.000003982994, w: -1}
  - {x: -1, y: -6.432439e-19, z: 0.000003982998, w: -1}
  - {x: 1, y: -6.4324387e-19, z: -0.000003982992, w: -1}
  - {x: 1, y: -6.4324475e-19, z: -0.0000039829974, w: -1}
  - {x: 1, y: -6.4324475e-19, z: -0.0000039829974, w: -1}
  - {x: 1, y: 0, z: -0.0000039830034, w: -1}
  - {x: 1, y: 0, z: 0, w: -1}
  - {x: 1, y: 0, z: 0, w: -1}
  - {x: 1, y: 0, z: 0, w: -1}
  - {x: 1, y: 0, z: 0, w: -1}
  - {x: -1, y: 0, z: 0, w: -1}
  - {x: -1, y: 0, z: 0, w: -1}
  - {x: -1, y: 0, z: 0, w: -1}
  - {x: -1, y: 0, z: 0, w: -1}
  - {x: 0.0000138484065, y: 0, z: 1, w: -1}
  - {x: 0.0000138484065, y: 0, z: 1, w: -1}
  - {x: 0.0000138484065, y: 0, z: 1, w: -1}
  - {x: 0.0000138484065, y: 0, z: 1, w: -1}
  m_Colors: []
  m_UnwrapParameters:
    m_HardAngle: 88
    m_PackMargin: 20
    m_AngleError: 8
    m_AreaError: 15
  m_PreserveMeshAssetOnDestroy: 0
  assetGuid: 
  m_IsSelectable: 1
  m_SelectedFaces: 
  m_SelectedEdges: []
  m_SelectedVertices: 
--- !u!64 &1729779278442784842
MeshCollider:
  m_ObjectHideFlags: 0
  m_CorrespondingSourceObject: {fileID: 0}
  m_PrefabInstance: {fileID: 0}
  m_PrefabAsset: {fileID: 0}
  m_GameObject: {fileID: 1729779278442784844}
  m_Material: {fileID: 0}
  m_IsTrigger: 0
  m_Enabled: 1
  serializedVersion: 3
  m_Convex: 0
  m_CookingOptions: 30
  m_Mesh: {fileID: 0}
--- !u!1 &1729779278467294678
GameObject:
  m_ObjectHideFlags: 0
  m_CorrespondingSourceObject: {fileID: 0}
  m_PrefabInstance: {fileID: 0}
  m_PrefabAsset: {fileID: 0}
  serializedVersion: 6
  m_Component:
  - component: {fileID: 1729779278467294679}
  - component: {fileID: 1729779278467294675}
  - component: {fileID: 1729779278467294674}
  - component: {fileID: 1729779278467294677}
  - component: {fileID: 1729779278467294676}
  m_Layer: 0
  m_Name: Cube (2)
  m_TagString: Untagged
  m_Icon: {fileID: 0}
  m_NavMeshLayer: 0
  m_StaticEditorFlags: 4294967295
  m_IsActive: 1
--- !u!4 &1729779278467294679
Transform:
  m_ObjectHideFlags: 0
  m_CorrespondingSourceObject: {fileID: 0}
  m_PrefabInstance: {fileID: 0}
  m_PrefabAsset: {fileID: 0}
  m_GameObject: {fileID: 1729779278467294678}
  m_LocalRotation: {x: -0, y: -0.70710576, z: -0, w: 0.7071079}
  m_LocalPosition: {x: -0.124996185, y: 3.0113115, z: -0.122317314}
  m_LocalScale: {x: 1, y: 1, z: 1}
  m_Children: []
  m_Father: {fileID: 1729779277582765627}
  m_RootOrder: 2
  m_LocalEulerAnglesHint: {x: 0, y: -90.00001, z: 0}
--- !u!33 &1729779278467294675
MeshFilter:
  m_ObjectHideFlags: 0
  m_CorrespondingSourceObject: {fileID: 0}
  m_PrefabInstance: {fileID: 0}
  m_PrefabAsset: {fileID: 0}
  m_GameObject: {fileID: 1729779278467294678}
  m_Mesh: {fileID: 0}
--- !u!23 &1729779278467294674
MeshRenderer:
  m_ObjectHideFlags: 0
  m_CorrespondingSourceObject: {fileID: 0}
  m_PrefabInstance: {fileID: 0}
  m_PrefabAsset: {fileID: 0}
  m_GameObject: {fileID: 1729779278467294678}
  m_Enabled: 1
  m_CastShadows: 1
  m_ReceiveShadows: 1
  m_DynamicOccludee: 1
  m_MotionVectors: 1
  m_LightProbeUsage: 1
  m_ReflectionProbeUsage: 1
  m_RayTracingMode: 2
  m_RenderingLayerMask: 1
  m_RendererPriority: 0
  m_Materials:
  - {fileID: 2100000, guid: 81c0fbee68583464e91e53046965f8eb, type: 2}
  m_StaticBatchInfo:
    firstSubMesh: 0
    subMeshCount: 0
  m_StaticBatchRoot: {fileID: 0}
  m_ProbeAnchor: {fileID: 0}
  m_LightProbeVolumeOverride: {fileID: 0}
  m_ScaleInLightmap: 1
  m_ReceiveGI: 1
  m_PreserveUVs: 0
  m_IgnoreNormalsForChartDetection: 0
  m_ImportantGI: 0
  m_StitchLightmapSeams: 1
  m_SelectedEditorRenderState: 2
  m_MinimumChartSize: 4
  m_AutoUVMaxDistance: 0.5
  m_AutoUVMaxAngle: 89
  m_LightmapParameters: {fileID: 0}
  m_SortingLayerID: 0
  m_SortingLayer: 0
  m_SortingOrder: 0
--- !u!114 &1729779278467294677
MonoBehaviour:
  m_ObjectHideFlags: 0
  m_CorrespondingSourceObject: {fileID: 0}
  m_PrefabInstance: {fileID: 0}
  m_PrefabAsset: {fileID: 0}
  m_GameObject: {fileID: 1729779278467294678}
  m_Enabled: 1
  m_EditorHideFlags: 0
  m_Script: {fileID: 11500000, guid: 8233d90336aea43098adf6dbabd606a2, type: 3}
  m_Name: 
  m_EditorClassIdentifier: 
  m_MeshFormatVersion: 1
  m_Faces:
  - m_Indexes: 000000000100000002000000010000000300000002000000
    m_SmoothingGroup: 0
    m_Uv:
      m_UseWorldSpace: 0
      m_FlipU: 0
      m_FlipV: 0
      m_SwapUV: 0
      m_Fill: 1
      m_Scale: {x: 1, y: 1}
      m_Offset: {x: 0, y: 0}
      m_Rotation: 0
      m_Anchor: 9
    m_Material: {fileID: 0}
    m_SubmeshIndex: 0
    m_ManualUV: 0
    elementGroup: -1
    m_TextureGroup: -1
  - m_Indexes: 040000000500000006000000050000000700000006000000
    m_SmoothingGroup: 0
    m_Uv:
      m_UseWorldSpace: 0
      m_FlipU: 0
      m_FlipV: 0
      m_SwapUV: 0
      m_Fill: 1
      m_Scale: {x: 1, y: 1}
      m_Offset: {x: 0, y: 0}
      m_Rotation: 0
      m_Anchor: 9
    m_Material: {fileID: 0}
    m_SubmeshIndex: 0
    m_ManualUV: 0
    elementGroup: -1
    m_TextureGroup: -1
  - m_Indexes: 08000000090000000a000000090000000b0000000a000000
    m_SmoothingGroup: 0
    m_Uv:
      m_UseWorldSpace: 0
      m_FlipU: 0
      m_FlipV: 0
      m_SwapUV: 0
      m_Fill: 1
      m_Scale: {x: 1, y: 1}
      m_Offset: {x: 0, y: 0}
      m_Rotation: 0
      m_Anchor: 9
    m_Material: {fileID: 0}
    m_SubmeshIndex: 0
    m_ManualUV: 0
    elementGroup: -1
    m_TextureGroup: -1
  - m_Indexes: 0c0000000d0000000e0000000d0000000f0000000e000000
    m_SmoothingGroup: 0
    m_Uv:
      m_UseWorldSpace: 0
      m_FlipU: 0
      m_FlipV: 0
      m_SwapUV: 0
      m_Fill: 1
      m_Scale: {x: 1, y: 1}
      m_Offset: {x: 0, y: 0}
      m_Rotation: 0
      m_Anchor: 9
    m_Material: {fileID: 0}
    m_SubmeshIndex: 0
    m_ManualUV: 0
    elementGroup: -1
    m_TextureGroup: -1
  m_SharedVertices:
  - m_Vertices: 000000000e000000
  - m_Vertices: 010000000f000000
  - m_Vertices: 0200000008000000
  - m_Vertices: 0300000009000000
  - m_Vertices: 040000000d000000
  - m_Vertices: 060000000b000000
  - m_Vertices: 050000000c000000
  - m_Vertices: 070000000a000000
  m_SharedTextures: []
  m_Positions:
  - {x: -1.1276832, y: -1.0113117, z: 0.12499872}
  - {x: 1.1276829, y: -1.0113117, z: 0.12499863}
  - {x: -1.1276832, y: 1.0113115, z: 0.12500127}
  - {x: 1.1276815, y: 1.0113115, z: 0.12500149}
  - {x: 1.1276832, y: -1.0113117, z: -0.12500142}
  - {x: -1.1276834, y: -1.0113117, z: -0.12500133}
  - {x: 1.1276817, y: 1.0113115, z: -0.12499854}
  - {x: -1.1276832, y: 1.0113115, z: -0.12499873}
  - {x: -1.1276832, y: 1.0113115, z: 0.12500127}
  - {x: 1.1276815, y: 1.0113115, z: 0.12500149}
  - {x: -1.1276832, y: 1.0113115, z: -0.12499873}
  - {x: 1.1276817, y: 1.0113115, z: -0.12499854}
  - {x: -1.1276834, y: -1.0113117, z: -0.12500133}
  - {x: 1.1276832, y: -1.0113117, z: -0.12500142}
  - {x: -1.1276832, y: -1.0113117, z: 0.12499872}
  - {x: 1.1276829, y: -1.0113117, z: 0.12499863}
  m_Textures0:
  - {x: 1.1276832, y: -1.0113115}
  - {x: -1.1276829, y: -1.0113115}
  - {x: 1.1276832, y: 1.0113117}
  - {x: -1.1276815, y: 1.0113117}
  - {x: 1.1276832, y: -1.0113118}
  - {x: -1.1276834, y: -1.0113118}
  - {x: 1.1276817, y: 1.0113114}
  - {x: -1.1276832, y: 1.0113114}
  - {x: -1.1276832, y: 0.12500127}
  - {x: 1.1276815, y: 0.12500149}
  - {x: -1.1276832, y: -0.12499873}
  - {x: 1.1276817, y: -0.12499854}
  - {x: 1.1276834, y: -0.12500133}
  - {x: -1.1276832, y: -0.12500142}
  - {x: 1.1276832, y: 0.12499872}
  - {x: -1.1276829, y: 0.12499863}
  m_Textures2: []
  m_Textures3: []
  m_Tangents:
  - {x: -1, y: 0, z: 0.000000039641886, w: -1}
  - {x: -1, y: -4.750529e-21, z: -0.000000029731444, w: -1}
  - {x: -1, y: -4.750529e-21, z: -0.000000029731444, w: -1}
  - {x: -1, y: -1.00507065e-20, z: -0.000000099104774, w: -1}
  - {x: 1, y: -5.0515266e-21, z: -0.000000039641876, w: -1}
  - {x: 1, y: 2.4014382e-21, z: 0.00000002312446, w: -1}
  - {x: 1, y: 2.4014382e-21, z: 0.00000002312446, w: -1}
  - {x: 1, y: 9.1084525e-21, z: 0.0000000858908, w: -1}
  - {x: 1, y: 0, z: 0, w: -1}
  - {x: 1, y: 0, z: 0, w: -1}
  - {x: 1, y: 0, z: 0, w: -1}
  - {x: 1, y: 0, z: 0, w: -1}
  - {x: -1, y: 0, z: 0, w: -1}
  - {x: -1, y: 0, z: 0, w: -1}
  - {x: -1, y: 0, z: 0, w: -1}
  - {x: -1, y: 0, z: 0, w: -1}
  m_Colors: []
  m_UnwrapParameters:
    m_HardAngle: 88
    m_PackMargin: 20
    m_AngleError: 8
    m_AreaError: 15
  m_PreserveMeshAssetOnDestroy: 0
  assetGuid: 
  m_IsSelectable: 1
  m_SelectedFaces: 
  m_SelectedEdges: []
  m_SelectedVertices: 
--- !u!64 &1729779278467294676
MeshCollider:
  m_ObjectHideFlags: 0
  m_CorrespondingSourceObject: {fileID: 0}
  m_PrefabInstance: {fileID: 0}
  m_PrefabAsset: {fileID: 0}
  m_GameObject: {fileID: 1729779278467294678}
  m_Material: {fileID: 0}
  m_IsTrigger: 0
  m_Enabled: 1
  serializedVersion: 3
  m_Convex: 0
  m_CookingOptions: 30
  m_Mesh: {fileID: 0}
--- !u!1 &1729779278929667594
GameObject:
  m_ObjectHideFlags: 0
  m_CorrespondingSourceObject: {fileID: 0}
  m_PrefabInstance: {fileID: 0}
  m_PrefabAsset: {fileID: 0}
  serializedVersion: 6
  m_Component:
  - component: {fileID: 1729779278929667595}
  - component: {fileID: 1729779278929667607}
  - component: {fileID: 1729779278929667606}
  - component: {fileID: 1729779278929667593}
  - component: {fileID: 1729779278929667592}
  m_Layer: 0
  m_Name: Cube (6)
  m_TagString: Untagged
  m_Icon: {fileID: 0}
  m_NavMeshLayer: 0
  m_StaticEditorFlags: 4294967295
  m_IsActive: 1
--- !u!4 &1729779278929667595
Transform:
  m_ObjectHideFlags: 0
  m_CorrespondingSourceObject: {fileID: 0}
  m_PrefabInstance: {fileID: 0}
  m_PrefabAsset: {fileID: 0}
  m_GameObject: {fileID: 1729779278929667594}
  m_LocalRotation: {x: 0.4999985, y: -0.49999973, z: 0.5000002, w: 0.50000155}
  m_LocalPosition: {x: 0.8105011, y: 2.394, z: -0.111083984}
  m_LocalScale: {x: 1, y: 1, z: 1}
  m_Children: []
  m_Father: {fileID: 1729779277582765627}
  m_RootOrder: 4
  m_LocalEulerAnglesHint: {x: 90.00001, y: 0, z: 90.00001}
--- !u!33 &1729779278929667607
MeshFilter:
  m_ObjectHideFlags: 0
  m_CorrespondingSourceObject: {fileID: 0}
  m_PrefabInstance: {fileID: 0}
  m_PrefabAsset: {fileID: 0}
  m_GameObject: {fileID: 1729779278929667594}
  m_Mesh: {fileID: 0}
--- !u!23 &1729779278929667606
MeshRenderer:
  m_ObjectHideFlags: 0
  m_CorrespondingSourceObject: {fileID: 0}
  m_PrefabInstance: {fileID: 0}
  m_PrefabAsset: {fileID: 0}
  m_GameObject: {fileID: 1729779278929667594}
  m_Enabled: 1
  m_CastShadows: 1
  m_ReceiveShadows: 1
  m_DynamicOccludee: 1
  m_MotionVectors: 1
  m_LightProbeUsage: 1
  m_ReflectionProbeUsage: 1
  m_RayTracingMode: 2
  m_RenderingLayerMask: 1
  m_RendererPriority: 0
  m_Materials:
  - {fileID: 2100000, guid: 484ceb58e8925b343bd9d68baa7ff8c0, type: 2}
  m_StaticBatchInfo:
    firstSubMesh: 0
    subMeshCount: 0
  m_StaticBatchRoot: {fileID: 0}
  m_ProbeAnchor: {fileID: 0}
  m_LightProbeVolumeOverride: {fileID: 0}
  m_ScaleInLightmap: 1
  m_ReceiveGI: 1
  m_PreserveUVs: 0
  m_IgnoreNormalsForChartDetection: 0
  m_ImportantGI: 0
  m_StitchLightmapSeams: 1
  m_SelectedEditorRenderState: 2
  m_MinimumChartSize: 4
  m_AutoUVMaxDistance: 0.5
  m_AutoUVMaxAngle: 89
  m_LightmapParameters: {fileID: 0}
  m_SortingLayerID: 0
  m_SortingLayer: 0
  m_SortingOrder: 0
--- !u!114 &1729779278929667593
MonoBehaviour:
  m_ObjectHideFlags: 0
  m_CorrespondingSourceObject: {fileID: 0}
  m_PrefabInstance: {fileID: 0}
  m_PrefabAsset: {fileID: 0}
  m_GameObject: {fileID: 1729779278929667594}
  m_Enabled: 1
  m_EditorHideFlags: 0
  m_Script: {fileID: 11500000, guid: 8233d90336aea43098adf6dbabd606a2, type: 3}
  m_Name: 
  m_EditorClassIdentifier: 
  m_MeshFormatVersion: 1
  m_Faces:
  - m_Indexes: 000000000100000002000000010000000300000002000000
    m_SmoothingGroup: 0
    m_Uv:
      m_UseWorldSpace: 0
      m_FlipU: 0
      m_FlipV: 0
      m_SwapUV: 0
      m_Fill: 1
      m_Scale: {x: 1, y: 1}
      m_Offset: {x: 0, y: 0}
      m_Rotation: 0
      m_Anchor: 9
    m_Material: {fileID: 0}
    m_SubmeshIndex: 0
    m_ManualUV: 0
    elementGroup: -1
    m_TextureGroup: -1
  m_SharedVertices:
  - m_Vertices: 00000000
  - m_Vertices: 01000000
  - m_Vertices: 02000000
  - m_Vertices: 03000000
  m_SharedTextures: []
  m_Positions:
  - {x: -1.1393502, y: -0.8289021, z: -0.0000033862889}
  - {x: 1.1393505, y: -0.8289021, z: -0.00000022538006}
  - {x: -1.1393504, y: 0.8289014, z: 0.000000057742}
  - {x: 1.1393489, y: 0.82890165, z: 0.0000030975789}
  m_Textures0:
  - {x: 1.1393502, y: -0.8289021}
  - {x: -1.1393505, y: -0.8289021}
  - {x: 1.1393504, y: 0.8289014}
  - {x: -1.1393489, y: 0.82890165}
  m_Textures2: []
  m_Textures3: []
  m_Tangents:
  - {x: -1, y: 0, z: -0.0000013871539, w: -1}
  - {x: -1, y: 2.3202928e-19, z: -0.0000013605884, w: -1}
  - {x: -1, y: 2.3202928e-19, z: -0.0000013605884, w: -1}
  - {x: -1, y: 0, z: -0.0000013340227, w: -1}
  m_Colors: []
  m_UnwrapParameters:
    m_HardAngle: 88
    m_PackMargin: 20
    m_AngleError: 8
    m_AreaError: 15
  m_PreserveMeshAssetOnDestroy: 0
  assetGuid: 
  m_IsSelectable: 1
  m_SelectedFaces: 
  m_SelectedEdges: []
  m_SelectedVertices: 
--- !u!64 &1729779278929667592
MeshCollider:
  m_ObjectHideFlags: 0
  m_CorrespondingSourceObject: {fileID: 0}
  m_PrefabInstance: {fileID: 0}
  m_PrefabAsset: {fileID: 0}
  m_GameObject: {fileID: 1729779278929667594}
  m_Material: {fileID: 0}
  m_IsTrigger: 0
  m_Enabled: 1
  serializedVersion: 3
  m_Convex: 0
  m_CookingOptions: 30
  m_Mesh: {fileID: 0}
--- !u!1 &1729779279259162266
GameObject:
  m_ObjectHideFlags: 0
  m_CorrespondingSourceObject: {fileID: 0}
  m_PrefabInstance: {fileID: 0}
  m_PrefabAsset: {fileID: 0}
  serializedVersion: 6
  m_Component:
  - component: {fileID: 1729779279259162267}
  - component: {fileID: 1729779279259162279}
  - component: {fileID: 1729779279259162278}
  - component: {fileID: 1729779279259162265}
  - component: {fileID: 1729779279259162264}
  m_Layer: 0
  m_Name: Cube (1)
  m_TagString: Untagged
  m_Icon: {fileID: 0}
  m_NavMeshLayer: 0
  m_StaticEditorFlags: 4294967295
  m_IsActive: 1
--- !u!4 &1729779279259162267
Transform:
  m_ObjectHideFlags: 0
  m_CorrespondingSourceObject: {fileID: 0}
  m_PrefabInstance: {fileID: 0}
  m_PrefabAsset: {fileID: 0}
  m_GameObject: {fileID: 1729779279259162266}
  m_LocalRotation: {x: -0, y: -0, z: -0, w: 1}
  m_LocalPosition: {x: 0.6905546, y: 2.0113115, z: -1.125}
  m_LocalScale: {x: 1, y: 1, z: 1}
  m_Children: []
  m_Father: {fileID: 1729779277582765627}
  m_RootOrder: 1
  m_LocalEulerAnglesHint: {x: 0, y: 0, z: 0}
--- !u!33 &1729779279259162279
MeshFilter:
  m_ObjectHideFlags: 0
  m_CorrespondingSourceObject: {fileID: 0}
  m_PrefabInstance: {fileID: 0}
  m_PrefabAsset: {fileID: 0}
  m_GameObject: {fileID: 1729779279259162266}
  m_Mesh: {fileID: 0}
--- !u!23 &1729779279259162278
MeshRenderer:
  m_ObjectHideFlags: 0
  m_CorrespondingSourceObject: {fileID: 0}
  m_PrefabInstance: {fileID: 0}
  m_PrefabAsset: {fileID: 0}
  m_GameObject: {fileID: 1729779279259162266}
  m_Enabled: 1
  m_CastShadows: 1
  m_ReceiveShadows: 1
  m_DynamicOccludee: 1
  m_MotionVectors: 1
  m_LightProbeUsage: 1
  m_ReflectionProbeUsage: 1
  m_RayTracingMode: 2
  m_RenderingLayerMask: 1
  m_RendererPriority: 0
  m_Materials:
  - {fileID: 2100000, guid: 81c0fbee68583464e91e53046965f8eb, type: 2}
  m_StaticBatchInfo:
    firstSubMesh: 0
    subMeshCount: 0
  m_StaticBatchRoot: {fileID: 0}
  m_ProbeAnchor: {fileID: 0}
  m_LightProbeVolumeOverride: {fileID: 0}
  m_ScaleInLightmap: 1
  m_ReceiveGI: 1
  m_PreserveUVs: 0
  m_IgnoreNormalsForChartDetection: 0
  m_ImportantGI: 0
  m_StitchLightmapSeams: 1
  m_SelectedEditorRenderState: 2
  m_MinimumChartSize: 4
  m_AutoUVMaxDistance: 0.5
  m_AutoUVMaxAngle: 89
  m_LightmapParameters: {fileID: 0}
  m_SortingLayerID: 0
  m_SortingLayer: 0
  m_SortingOrder: 0
--- !u!114 &1729779279259162265
MonoBehaviour:
  m_ObjectHideFlags: 0
  m_CorrespondingSourceObject: {fileID: 0}
  m_PrefabInstance: {fileID: 0}
  m_PrefabAsset: {fileID: 0}
  m_GameObject: {fileID: 1729779279259162266}
  m_Enabled: 1
  m_EditorHideFlags: 0
  m_Script: {fileID: 11500000, guid: 8233d90336aea43098adf6dbabd606a2, type: 3}
  m_Name: 
  m_EditorClassIdentifier: 
  m_MeshFormatVersion: 1
  m_Faces:
  - m_Indexes: 000000000100000002000000010000000300000002000000
    m_SmoothingGroup: 0
    m_Uv:
      m_UseWorldSpace: 0
      m_FlipU: 0
      m_FlipV: 0
      m_SwapUV: 0
      m_Fill: 1
      m_Scale: {x: 1, y: 1}
      m_Offset: {x: 0, y: 0}
      m_Rotation: 0
      m_Anchor: 9
    m_Material: {fileID: 0}
    m_SubmeshIndex: 0
    m_ManualUV: 0
    elementGroup: -1
    m_TextureGroup: -1
  - m_Indexes: 040000000500000006000000070000000400000006000000
    m_SmoothingGroup: 0
    m_Uv:
      m_UseWorldSpace: 0
      m_FlipU: 0
      m_FlipV: 0
      m_SwapUV: 0
      m_Fill: 1
      m_Scale: {x: 1, y: 1}
      m_Offset: {x: 0, y: 0}
      m_Rotation: 0
      m_Anchor: 9
    m_Material: {fileID: 2100000, guid: 31321ba15b8f8eb4c954353edc038b1d, type: 2}
    m_SubmeshIndex: 0
    m_ManualUV: 0
    elementGroup: 0
    m_TextureGroup: -1
  - m_Indexes: 08000000090000000a0000000b000000080000000a000000
    m_SmoothingGroup: 0
    m_Uv:
      m_UseWorldSpace: 0
      m_FlipU: 0
      m_FlipV: 0
      m_SwapUV: 0
      m_Fill: 1
      m_Scale: {x: 1, y: 1}
      m_Offset: {x: 0, y: 0}
      m_Rotation: 0
      m_Anchor: 9
    m_Material: {fileID: 2100000, guid: 31321ba15b8f8eb4c954353edc038b1d, type: 2}
    m_SubmeshIndex: 0
    m_ManualUV: 0
    elementGroup: 0
    m_TextureGroup: 1
  - m_Indexes: 0f0000000c0000000d0000000e0000000f0000000d000000
    m_SmoothingGroup: 0
    m_Uv:
      m_UseWorldSpace: 0
      m_FlipU: 0
      m_FlipV: 0
      m_SwapUV: 0
      m_Fill: 1
      m_Scale: {x: 1, y: 1}
      m_Offset: {x: 0, y: 0}
      m_Rotation: 0
      m_Anchor: 9
    m_Material: {fileID: 2100000, guid: 31321ba15b8f8eb4c954353edc038b1d, type: 2}
    m_SubmeshIndex: 0
    m_ManualUV: 0
    elementGroup: 0
    m_TextureGroup: 1
  - m_Indexes: 120000001300000010000000110000001200000010000000
    m_SmoothingGroup: 0
    m_Uv:
      m_UseWorldSpace: 0
      m_FlipU: 0
      m_FlipV: 0
      m_SwapUV: 0
      m_Fill: 1
      m_Scale: {x: 1, y: 1}
      m_Offset: {x: 0, y: 0}
      m_Rotation: 0
      m_Anchor: 9
    m_Material: {fileID: 2100000, guid: 31321ba15b8f8eb4c954353edc038b1d, type: 2}
    m_SubmeshIndex: 0
    m_ManualUV: 0
    elementGroup: 0
    m_TextureGroup: 1
  - m_Indexes: 180000001400000015000000180000001500000016000000170000001800000016000000
    m_SmoothingGroup: 0
    m_Uv:
      m_UseWorldSpace: 0
      m_FlipU: 0
      m_FlipV: 0
      m_SwapUV: 0
      m_Fill: 1
      m_Scale: {x: 1, y: 1}
      m_Offset: {x: 0, y: 0}
      m_Rotation: 0
      m_Anchor: 9
    m_Material: {fileID: 2100000, guid: 31321ba15b8f8eb4c954353edc038b1d, type: 2}
    m_SubmeshIndex: 0
    m_ManualUV: 0
    elementGroup: 0
    m_TextureGroup: -1
  - m_Indexes: 1d0000001b0000001c0000001d000000190000001b000000190000001a0000001b000000
    m_SmoothingGroup: 0
    m_Uv:
      m_UseWorldSpace: 0
      m_FlipU: 0
      m_FlipV: 0
      m_SwapUV: 0
      m_Fill: 1
      m_Scale: {x: 1, y: 1}
      m_Offset: {x: 0, y: 0}
      m_Rotation: 0
      m_Anchor: 9
    m_Material: {fileID: 2100000, guid: 31321ba15b8f8eb4c954353edc038b1d, type: 2}
    m_SubmeshIndex: 0
    m_ManualUV: 0
    elementGroup: 0
    m_TextureGroup: -1
  - m_Indexes: 20000000210000001f000000220000001f00000021000000220000001e0000001f000000
    m_SmoothingGroup: 0
    m_Uv:
      m_UseWorldSpace: 0
      m_FlipU: 0
      m_FlipV: 0
      m_SwapUV: 0
      m_Fill: 1
      m_Scale: {x: 1, y: 1}
      m_Offset: {x: 0, y: 0}
      m_Rotation: 0
      m_Anchor: 9
    m_Material: {fileID: 2100000, guid: 31321ba15b8f8eb4c954353edc038b1d, type: 2}
    m_SubmeshIndex: 0
    m_ManualUV: 0
    elementGroup: 0
    m_TextureGroup: -1
  - m_Indexes: 260000002700000023000000240000002600000023000000260000002400000025000000
    m_SmoothingGroup: 0
    m_Uv:
      m_UseWorldSpace: 0
      m_FlipU: 0
      m_FlipV: 0
      m_SwapUV: 0
      m_Fill: 1
      m_Scale: {x: 1, y: 1}
      m_Offset: {x: 0, y: 0}
      m_Rotation: 0
      m_Anchor: 9
    m_Material: {fileID: 2100000, guid: 31321ba15b8f8eb4c954353edc038b1d, type: 2}
    m_SubmeshIndex: 0
    m_ManualUV: 0
    elementGroup: 0
    m_TextureGroup: -1
  - m_Indexes: 28000000290000002a000000290000002b0000002a000000
    m_SmoothingGroup: 0
    m_Uv:
      m_UseWorldSpace: 0
      m_FlipU: 0
      m_FlipV: 0
      m_SwapUV: 0
      m_Fill: 1
      m_Scale: {x: 1, y: 1}
      m_Offset: {x: 0, y: 0}
      m_Rotation: 0
      m_Anchor: 9
    m_Material: {fileID: 0}
    m_SubmeshIndex: 0
    m_ManualUV: 0
    elementGroup: -1
    m_TextureGroup: -1
  - m_Indexes: 2c0000002d0000002e0000002d0000002f0000002e000000
    m_SmoothingGroup: 0
    m_Uv:
      m_UseWorldSpace: 0
      m_FlipU: 0
      m_FlipV: 0
      m_SwapUV: 0
      m_Fill: 1
      m_Scale: {x: 1, y: 1}
      m_Offset: {x: 0, y: 0}
      m_Rotation: 0
      m_Anchor: 9
    m_Material: {fileID: 0}
    m_SubmeshIndex: 0
    m_ManualUV: 0
    elementGroup: -1
    m_TextureGroup: -1
  - m_Indexes: 300000003100000032000000310000003300000032000000
    m_SmoothingGroup: 0
    m_Uv:
      m_UseWorldSpace: 0
      m_FlipU: 0
      m_FlipV: 0
      m_SwapUV: 0
      m_Fill: 1
      m_Scale: {x: 1, y: 1}
      m_Offset: {x: 0, y: 0}
      m_Rotation: 0
      m_Anchor: 9
    m_Material: {fileID: 0}
    m_SubmeshIndex: 0
    m_ManualUV: 0
    elementGroup: -1
    m_TextureGroup: -1
  - m_Indexes: 340000003500000036000000350000003700000036000000
    m_SmoothingGroup: 0
    m_Uv:
      m_UseWorldSpace: 0
      m_FlipU: 0
      m_FlipV: 0
      m_SwapUV: 0
      m_Fill: 1
      m_Scale: {x: 1, y: 1}
      m_Offset: {x: 0, y: 0}
      m_Rotation: 0
      m_Anchor: 9
    m_Material: {fileID: 0}
    m_SubmeshIndex: 0
    m_ManualUV: 0
    elementGroup: -1
    m_TextureGroup: -1
  m_SharedVertices:
  - m_Vertices: 000000001500000024000000
  - m_Vertices: 010000001900000023000000
  - m_Vertices: 020000001600000021000000
  - m_Vertices: 030000001d00000022000000
  - m_Vertices: 040000002a00000033000000
  - m_Vertices: 1a000000270000002800000031000000
  - m_Vertices: 050000002b0000002e000000
  - m_Vertices: 0800000026000000290000002c000000
  - m_Vertices: 060000002f00000036000000
  - m_Vertices: 0b0000000f000000130000002d00000034000000
  - m_Vertices: 070000003200000037000000
  - m_Vertices: 120000001b0000003000000035000000
  - m_Vertices: 090000001400000025000000
  - m_Vertices: 0a0000000c00000018000000
  - m_Vertices: 0d0000001700000020000000
  - m_Vertices: 0e000000100000001f000000
  - m_Vertices: 110000001c0000001e000000
  m_SharedTextures: []
  m_Positions:
  - {x: 0.9405556, y: -2.0113115, z: -0.375}
  - {x: -0.9405546, y: -2.0113115, z: -0.375}
  - {x: 0.9405556, y: 2.0113115, z: -0.375}
  - {x: -0.9405546, y: 2.0113115, z: -0.375}
  - {x: -0.9405546, y: -2.0113115, z: 0.375}
  - {x: -0.6924572, y: -2.0113115, z: 0.375}
  - {x: -0.6924572, y: 0, z: 0.375}
  - {x: -0.9405546, y: 0, z: 0.375}
  - {x: -0.6924572, y: -2.0113115, z: -0.125}
  - {x: 0.9405556, y: -2.0113115, z: -0.125}
  - {x: 0.9405556, y: 0, z: -0.125}
  - {x: -0.6924572, y: 0, z: -0.125}
  - {x: 0.9405556, y: 0, z: -0.125}
  - {x: 0.9405556, y: 2.0113115, z: -0.125}
  - {x: -0.6924572, y: 2.0113115, z: -0.125}
  - {x: -0.6924572, y: 0, z: -0.125}
  - {x: -0.6924572, y: 2.0113115, z: -0.125}
  - {x: -0.9405546, y: 2.0113115, z: -0.125}
  - {x: -0.9405546, y: 0, z: -0.125}
  - {x: -0.6924572, y: 0, z: -0.125}
  - {x: 0.9405556, y: -2.0113115, z: -0.125}
  - {x: 0.9405556, y: -2.0113115, z: -0.375}
  - {x: 0.9405556, y: 2.0113115, z: -0.375}
  - {x: 0.9405556, y: 2.0113115, z: -0.125}
  - {x: 0.9405556, y: 0, z: -0.125}
  - {x: -0.9405546, y: -2.0113115, z: -0.375}
  - {x: -0.9405546, y: -2.0113115, z: -0.125}
  - {x: -0.9405546, y: 0, z: -0.125}
  - {x: -0.9405546, y: 2.0113115, z: -0.125}
  - {x: -0.9405546, y: 2.0113115, z: -0.375}
  - {x: -0.9405546, y: 2.0113115, z: -0.125}
  - {x: -0.6924572, y: 2.0113115, z: -0.125}
  - {x: 0.9405556, y: 2.0113115, z: -0.125}
  - {x: 0.9405556, y: 2.0113115, z: -0.375}
  - {x: -0.9405546, y: 2.0113115, z: -0.375}
  - {x: -0.9405546, y: -2.0113115, z: -0.375}
  - {x: 0.9405556, y: -2.0113115, z: -0.375}
  - {x: 0.9405556, y: -2.0113115, z: -0.125}
  - {x: -0.6924572, y: -2.0113115, z: -0.125}
  - {x: -0.9405546, y: -2.0113115, z: -0.125}
  - {x: -0.9405546, y: -2.0113115, z: -0.125}
  - {x: -0.6924572, y: -2.0113115, z: -0.125}
  - {x: -0.9405546, y: -2.0113115, z: 0.375}
  - {x: -0.6924572, y: -2.0113115, z: 0.375}
  - {x: -0.6924572, y: -2.0113115, z: -0.125}
  - {x: -0.6924572, y: 0, z: -0.125}
  - {x: -0.6924572, y: -2.0113115, z: 0.375}
  - {x: -0.6924572, y: 0, z: 0.375}
  - {x: -0.9405546, y: 0, z: -0.125}
  - {x: -0.9405546, y: -2.0113115, z: -0.125}
  - {x: -0.9405546, y: 0, z: 0.375}
  - {x: -0.9405546, y: -2.0113115, z: 0.375}
  - {x: -0.6924572, y: 0, z: -0.125}
  - {x: -0.9405546, y: 0, z: -0.125}
  - {x: -0.6924572, y: 0, z: 0.375}
  - {x: -0.9405546, y: 0, z: 0.375}
  m_Textures0:
  - {x: 0.9405556, y: -2.0113115}
  - {x: -0.9405546, y: -2.0113115}
  - {x: 0.9405556, y: 2.0113115}
  - {x: -0.9405546, y: 2.0113115}
  - {x: 0.9405546, y: -2.0113115}
  - {x: 0.6924572, y: -2.0113115}
  - {x: 0.6924572, y: 0}
  - {x: 0.9405546, y: 0}
  - {x: 0.6924572, y: -2.0113115}
  - {x: -0.9405556, y: -2.0113115}
  - {x: -0.9405556, y: 0}
  - {x: 0.6924572, y: 0}
  - {x: -0.9405556, y: 0}
  - {x: -0.9405556, y: 2.0113115}
  - {x: 0.6924572, y: 2.0113115}
  - {x: 0.6924572, y: 0}
  - {x: 0.6924572, y: 2.0113115}
  - {x: 0.9405546, y: 2.0113115}
  - {x: 0.9405546, y: 0}
  - {x: 0.6924572, y: 0}
  - {x: -0.125, y: -2.0113115}
  - {x: -0.375, y: -2.0113115}
  - {x: -0.375, y: 2.0113115}
  - {x: -0.125, y: 2.0113115}
  - {x: -0.125, y: 0}
  - {x: 0.375, y: -2.0113115}
  - {x: 0.125, y: -2.0113115}
  - {x: 0.125, y: 0}
  - {x: 0.125, y: 2.0113115}
  - {x: 0.375, y: 2.0113115}
  - {x: -0.9405546, y: -0.125}
  - {x: -0.6924572, y: -0.125}
  - {x: 0.9405556, y: -0.125}
  - {x: 0.9405556, y: -0.375}
  - {x: -0.9405546, y: -0.375}
  - {x: 0.9405546, y: -0.375}
  - {x: -0.9405556, y: -0.375}
  - {x: -0.9405556, y: -0.125}
  - {x: 0.6924572, y: -0.125}
  - {x: 0.9405546, y: -0.125}
  - {x: 0.9405546, y: -0.125}
  - {x: 0.6924572, y: -0.125}
  - {x: 0.9405546, y: 0.375}
  - {x: 0.6924572, y: 0.375}
  - {x: -0.125, y: -2.0113115}
  - {x: -0.125, y: 0}
  - {x: 0.375, y: -2.0113115}
  - {x: 0.375, y: 0}
  - {x: 0.125, y: 0}
  - {x: 0.125, y: -2.0113115}
  - {x: -0.375, y: 0}
  - {x: -0.375, y: -2.0113115}
  - {x: -0.6924572, y: -0.125}
  - {x: -0.9405546, y: -0.125}
  - {x: -0.6924572, y: 0.375}
  - {x: -0.9405546, y: 0.375}
  m_Textures2: []
  m_Textures3: []
  m_Tangents:
  - {x: 1, y: 0, z: 0, w: -1}
  - {x: 1, y: 0, z: 0, w: -1}
  - {x: 1, y: 0, z: 0, w: -1}
  - {x: 1, y: 0, z: 0, w: -1}
  - {x: -1, y: 0, z: 0, w: -1}
  - {x: -1, y: 0, z: 0, w: -1}
  - {x: -1, y: 0, z: 0, w: -1}
  - {x: -1, y: 0, z: 0, w: -1}
  - {x: -1, y: 0, z: 0, w: -1}
  - {x: -1, y: 0, z: 0, w: -1}
  - {x: -1, y: 0, z: 0, w: -1}
  - {x: -1, y: 0, z: 0, w: -1}
  - {x: -1, y: 0, z: 0, w: -1}
  - {x: -1, y: 0, z: 0, w: -1}
  - {x: -1, y: 0, z: 0, w: -1}
  - {x: -1, y: 0, z: 0, w: -1}
  - {x: -1, y: 0, z: 0, w: -1}
  - {x: -1, y: 0, z: 0, w: -1}
  - {x: -1, y: 0, z: 0, w: -1}
  - {x: -1, y: 0, z: 0, w: -1}
  - {x: 0, y: 0, z: 1, w: -1}
  - {x: 0, y: 0, z: 1, w: -1}
  - {x: 0, y: 0, z: 1, w: -1}
  - {x: 0, y: 0, z: 1, w: -1}
  - {x: 0, y: 0, z: 1, w: -1}
  - {x: 0, y: 0, z: -1, w: -1}
  - {x: 0, y: 0, z: -1, w: -1}
  - {x: 0, y: 0, z: -1, w: -1}
  - {x: 0, y: 0, z: -1, w: -1}
  - {x: 0, y: 0, z: -1, w: -1}
  - {x: 1, y: 0, z: 0, w: -1}
  - {x: 1, y: 0, z: 0, w: -1}
  - {x: 1, y: 0, z: 0, w: -1}
  - {x: 1, y: 0, z: 0, w: -1}
  - {x: 1, y: 0, z: 0, w: -1}
  - {x: -1, y: 0, z: 0, w: -1}
  - {x: -1, y: 0, z: 0, w: -1}
  - {x: -1, y: 0, z: 0, w: -1}
  - {x: -1, y: 0, z: 0, w: -1}
  - {x: -1, y: 0, z: 0, w: -1}
  - {x: -1, y: 0, z: 0, w: -1}
  - {x: -1, y: 0, z: 0, w: -1}
  - {x: -1, y: 0, z: 0, w: -1}
  - {x: -1, y: 0, z: 0, w: -1}
  - {x: 0, y: 0, z: 1, w: -1}
  - {x: 0, y: 0, z: 1, w: -1}
  - {x: 0, y: 0, z: 1, w: -1}
  - {x: 0, y: 0, z: 1, w: -1}
  - {x: 0, y: 0, z: -1, w: -1}
  - {x: 0, y: 0, z: -1, w: -1}
  - {x: 0, y: 0, z: -1, w: -1}
  - {x: 0, y: 0, z: -1, w: -1}
  - {x: 1, y: 0, z: 0, w: -1}
  - {x: 1, y: 0, z: 0, w: -1}
  - {x: 1, y: 0, z: 0, w: -1}
  - {x: 1, y: 0, z: 0, w: -1}
  m_Colors: []
  m_UnwrapParameters:
    m_HardAngle: 88
    m_PackMargin: 20
    m_AngleError: 8
    m_AreaError: 15
  m_PreserveMeshAssetOnDestroy: 0
  assetGuid: 
  m_IsSelectable: 1
  m_SelectedFaces: 
  m_SelectedEdges: []
  m_SelectedVertices: 
--- !u!64 &1729779279259162264
MeshCollider:
  m_ObjectHideFlags: 0
  m_CorrespondingSourceObject: {fileID: 0}
  m_PrefabInstance: {fileID: 0}
  m_PrefabAsset: {fileID: 0}
  m_GameObject: {fileID: 1729779279259162266}
  m_Material: {fileID: 0}
  m_IsTrigger: 0
  m_Enabled: 1
  serializedVersion: 3
  m_Convex: 0
  m_CookingOptions: 30
  m_Mesh: {fileID: 0}
